3002 4614
648 331 858 396 ..29-

146 538 149 548 ,
189 523 263 570 aum
284 525 317 588 p.
341 501 645 587 uam-uero
683 521 767 584 quae
796 478 1105 568 suessoniensis
1127 501 1316 568 crumenam

186 621 243 688 hic
264 620 500 706 Melampodem
522 620 684 706 appellari
706 622 939 687 demonstrant.

275 740 399 808 Eodem
414 746 549 824 spectat,
565 740 652 824 quod
665 761 686 810 ¹e
701 741 846 806 codice
860 740 1066 808 Vossiano
1082 740 1318 807 Valckenarius

190 863 288 926 anim
311 860 354 925 ad
374 861 478 929 emm.
499 862 516 926 I
537 881 607 944 cap.
630 859 709 926 lllll
731 861 890 927 scholium
912 860 1077 928 Diomedis
1099 861 1317 944 transcripsit,

189 980 280 1064 quod
302 979 390 1065 apud
403 977 588 1044 Bekkerum
612 999 642 1063 p.
666 979 781 1066 788,28
795 1001 842 1063 sq.
857 979 1072 1064 Melampodis
1093 1002 1163 1046 esse
1184 979 1317 1044 videbis.

188 1101 367 1166 Praeterea
384 1099 551 1166 Diomedis
572 1119 690 1166 nomen
711 1100 745 1165 in
768 1100 910 1165 codice
933 1099 1217 1183 Neapolitano
1239 1097 1318 1166 bibl.

190 1219 424 1304 Augustinens.
465 1219 558 1286 doun.
588 1219 630 1284 ad
660 1217 799 1285 Carbon.
828 1226 860 1286 et
889 1221 923 1284 in
958 1217 1318 1302 Heidelbergensi

189 1339 267 1424 legi,
289 1338 459 1406 Fabricius
481 1344 514 1404 et
536 1339 721 1406 Her-lessius
743 1339 764 1402 l.
788 1359 813 1402 o.
836 1344 937 1404 testes
961 1343 1046 1407 sunl

276 1457 426 1541 Denique
447 1459 481 1522 in
511 1457 659 1524 codice
680 1457 926 1524 Burbonioo
956 1457 1243 1524 aWachsmulhic
1266 1478 1317 1521 ex-

190 1599 287 1668 cusso
325 1576 538 1660 Melampodis
575 1577 697 1643 librum
727 1577 893 1644 Diomedis
930 1577 990 1644 sub
1025 1577 1155 1642 nomine
1190 1583 1318 1642 exstare

190 1704 307 1783 aperte
320 1703 429 1782 petel
1311 1777 1314 1788 ἱ

278 1816 391 1900 Itaque
413 1838 487 1884 cum
498 1823 638 1900 utroque
653 1819 784 1884 nomino
796 1817 934 1884 eundem
947 1817 1140 1902 scriptorem
1156 1817 1190 1882 in
1204 1816 1317 1882 multis

190 1942 280 2002 cerie
302 1935 467 2002 codicibus
489 1935 666 2021 significari
694 1942 840 2022 constet,
869 1944 1060 2022 pergratum
1082 1936 1261 2021 accideret,
1290 1935 1319 2000 si

191 2056 244 2123 rel
266 2061 377 2122 utrum
398 2059 534 2142 reolum,
555 2056 606 2123 uel
629 2077 718 2124 error
741 2057 902 2141 quomodo
918 2063 1015 2123 nulus
1033 2058 1087 2142 sit,
1110 2058 1207 2122 cerlis
1223 2077 1319 2140 argu·

192 2177 310 2242 mentis
333 2175 551 2241 demonstrari
573 2182 694 2262 posset,
718 2175 806 2260 quod
827 2176 892 2242 huo
913 2197 1017 2260 usquc
1036 2175 1108 2242 fieri
1123 2197 1189 2242 non
1204 2177 1319 2260 poluit.

194 2294 259 2361 Sed
280 2315 382 2360 unum
403 2302 514 2361 tamon
534 2296 736 2363 reticendum
752 2318 818 2362 non
833 2315 903 2361 esse
918 2297 1056 2362 videtur.
1078 2289 1319 2378 Nonnunquam
1419 2335 1421 2340 ,

199 2414 282 2480 enim
304 2415 339 2480 in
361 2414 551 2500 posterioris
574 2417 645 2481 aevi
666 2417 759 2482 libris
788 2416 914 2500 graecis
936 2415 1173 2499 Melampodem
1195 2421 1228 2480 el
1250 2414 1319 2480 see-

196 2533 340 2618 phanum
362 2535 409 2600 sic
430 2536 617 2602 coniunctos
640 2536 803 2620 appellari
816 2536 972 2618 videmus,
994 2542 1030 2601 ut
1050 2537 1084 2600 in
1098 2525 1165 2602 una
1179 2533 1320 2618 quadam

194 2673 230 2718 re
251 2660 427 2736 utrumque
449 2675 582 2739 operam
604 2656 753 2740 posuisse
774 2637 948 2722 verisimile
968 2657 1020 2720 sit.
1064 2655 1157 2734 Quod
1171 2656 1205 2720 in
1221 2655 1319 2721 schol.

193 2773 327 2840 uesta.
351 2773 473 2838 fatum
503 2757 573 2840 esse
591 2775 668 2848 eam
696 2774 738 2840 u.
763 2773 962 2840 eenmiesus
992 2776 1026 2840 in
1057 2774 1175 2840 uerior.
1197 2782 1219 2840 t.
1244 2775 1321 2840 unu

193 2913 226 2977 p.
237 2895 299 2960 251
322 2893 461 2960 rettulit.
504 2894 614 2960 Altera
636 2894 791 2960 accedant
806 2893 944 2960 Taelzee
966 2893 1090 2960 scholia
1110 2895 1146 2958 in
1160 2894 1320 2980 Lycophr.

195 3035 223 3078 v.
247 3014 305 3097 31,
327 3014 384 3080 ubi
406 3014 504 3082 etiam
526 3012 707 3097 Melampus
729 3019 761 3078 et
782 3000 968 3100 Stephauus
990 3013 1178 3080 afferuntur.
1225 3013 1320 3079 Unde

195 3134 307 3198 nescio
329 3150 372 3196 an
387 3131 627 3217 Hamburgensi
649 3137 682 3198 et
696 3131 857 3202 Vaticano
875 3135 925 3216 14,
948 3155 965 3198 e
987 3155 1053 3217 quo
1075 3133 1166 3198 illum
1188 3133 1320 3200 fluxisse

195 3251 365 3318 Bekkerus
394 3251 597 3337 suspicatur,
633 3255 738 3336 magis
774 3275 871 3338 quam
896 3244 1017 3318 betonis
1044 3251 1239 3318 credendum
1269 3253 1320 3337 sit,

196 3393 271 3437 cum
292 3371 418 3438 nullum
440 3372 608 3454 hucusque
629 3372 735 3438 locum
749 3373 886 3438 allatum
902 3373 1047 3457 viderim,
1070 3391 1134 3454 quo
1150 3371 1322 3437 Diomedes

197 3498 230 3558 el
250 3490 437 3574 Stephanus
460 3491 573 3557 eodem
594 3492 689 3558 modo
712 3493 910 3559 coniunctim
932 3492 1150 3558 nominentur.
1158 3492 1190 3577 ¹⁵)

196 3665 394 3680 -···-·-·-···-s

143 3833 144 3845 χ
251 3764 275 3830 *l
292 3763 402 3818 Addere
420 3765 486 3820 mihi
504 3763 592 3831 liceat,
612 3763 684 3835 quod
701 3763 735 3818 de
753 3762 803 3818 hac
820 3781 849 3817 re
866 3763 1018 3820 Ludovicus
1032 3763 1151 3836 Longius
1168 3765 1209 3821 vir
1225 3767 1322 3821 doctis·

197 3851 281 3910 simus
311 3850 491 3921 disputatione
522 3849 591 3905 lecta
620 3850 734 3920 benigne
763 3869 869 3906 mecum
898 3852 1117 3907 communicavit:
1156 3853 1223 3918 ,Aul
1251 3853 1322 3906 mich

197 3937 310 3992 macheu
328 3937 401 3990 dieue
419 3935 545 3990 Scholion
562 3937 611 3990 des
628 3936 779 4007 Melampus
796 3937 849 3990 den
861 3937 1001 3992 Eindruck
1018 3957 1070 3992 von
1082 3939 1319 4010 Collegieuhelten.

196 4024 250 4078 Die
267 4021 418 4093 Duplicitdt
441 4021 489 4074 des
513 4021 632 4076 Numeus
656 4022 746 4076 wlirde
764 4023 820 4076 sich
839 4023 978 4090 erkliiren,
1003 4041 1081 4078 wenn
1098 4043 1160 4080 man
1179 4026 1320 4090 mnahme,

197 4110 259 4164 dass
276 4109 351 4166 einer
369 4108 418 4162 der
430 4106 593 4180 Nachlolger
610 4108 658 4162 des
676 4109 776 4163 anderu
794 4108 837 4164 sei
851 4109 906 4164 und
923 4109 971 4164 das
981 4110 1048 4166 Heu
1060 4110 1145 4165 seines
1152 4111 1321 4183 Vorgflngere
