<?xml version="1.0" encoding="UTF-8"?>
<!DOCTYPE html PUBLIC "-//W3C//DTD XHTML 1.0 Transitional//EN"
    "http://www.w3.org/TR/xhtml1/DTD/xhtml1-transitional.dtd">
<html xmlns="http://www.w3.org/1999/xhtml" xml:lang="en" lang="en">
 <head>
  <title>
</title>
<meta http-equiv="Content-Type" content="text/html;charset=utf-8" />
  <meta name='ocr-system' content='tesseract 3.04.00' />
  <meta name='ocr-capabilities' content='ocr_page ocr_carea ocr_par ocr_line ocrx_word'/>
</head>
<body>
  <div class='ocr_page' id='page_1' title='image "./dedionysiithrac00hoergoog_0067.png"; bbox 0 0 3002 4614; ppageno 0'>
   <div class='ocr_carea' id='block_1_1' title="bbox 651 240 924 333">
    <p class='ocr_par' dir='ltr' id='par_1_1' title="bbox 651 240 924 333">
     <span class='ocr_line' id='line_1_1' title="bbox 651 240 924 333; baseline 0 -27"><span class='ocrx_word' id='word_1_1' title='bbox 651 240 924 333; x_wconf 45' lang='grc' dir='ltr'>-οο-ἱ</span> 
     </span>
    </p>
   </div>
   <div class='ocr_carea' id='block_1_2' title="bbox 196 385 1331 1814">
    <p class='ocr_par' dir='ltr' id='par_1_2' title="bbox 196 385 1331 1456">
     <span class='ocr_line' id='line_1_2' title="bbox 239 385 1330 498; baseline 0 -18"><span class='ocrx_word' id='word_1_2' title='bbox 239 411 616 494; x_wconf 69' lang='lat' dir='ltr'>senosanapaaaao:</span> <span class='ocrx_word' id='word_1_3' title='bbox 632 385 744 478; x_wconf 61' lang='grc' dir='ltr'><em>ὀταν</em></span> <span class='ocrx_word' id='word_1_4' title='bbox 809 411 1206 498; x_wconf 62' lang='grc' dir='ltr'>εωθιΗορωρττοροι</span> <span class='ocrx_word' id='word_1_5' title='bbox 1225 407 1330 480; x_wconf 62' lang='grc' dir='ltr'>’στω</span> 
     </span>
     <span class='ocr_line' id='line_1_3' title="bbox 197 509 1331 622; baseline 0.004 -26"><span class='ocrx_word' id='word_1_6' title='bbox 197 531 262 622; x_wconf 90' lang='grc' dir='ltr'>γάρ</span> <span class='ocrx_word' id='word_1_7' title='bbox 306 531 505 622; x_wconf 74' lang='grc' dir='ltr'><em>φωνηέντων</em></span> <span class='ocrx_word' id='word_1_8' title='bbox 543 529 736 612; x_wconf 75' lang='grc' dir='ltr'><strong><em>ἐπάλληλος</em></strong></span> <span class='ocrx_word' id='word_1_9' title='bbox 788 530 853 617; x_wconf 85' lang='grc' dir='ltr'>γάρ</span> <span class='ocrx_word' id='word_1_10' title='bbox 866 509 1068 621; x_wconf 79' lang='grc' dir='ltr'><em>φωνηέντων</em></span> <span class='ocrx_word' id='word_1_11' title='bbox 1080 529 1331 613; x_wconf 74' lang='grc' dir='ltr'><em>γίνηται-’άλλτ-</em></span> 
     </span>
     <span class='ocr_line' id='line_1_4' title="bbox 197 648 1329 742; baseline 0.001 -25"><span class='ocrx_word' id='word_1_12' title='bbox 197 652 334 736; x_wconf 82' lang='grc' dir='ltr'><em>γένηται</em></span> <span class='ocrx_word' id='word_1_13' title='bbox 383 649 404 732; x_wconf 79' lang='grc' dir='ltr'><strong><em>ἡ</em></strong></span> <span class='ocrx_word' id='word_1_14' title='bbox 449 649 611 742; x_wconf 84' lang='grc' dir='ltr'><em>προφορά</em></span> <span class='ocrx_word' id='word_1_15' title='bbox 787 648 962 730; x_wconf 81' lang='grc' dir='ltr'><strong><em>πάλληλος</em></strong></span> <span class='ocrx_word' id='word_1_16' title='bbox 991 650 1082 738; x_wconf 86' lang='grc' dir='ltr'><em>φορά</em></span> <span class='ocrx_word' id='word_1_17' title='bbox 1194 653 1329 738; x_wconf 83' lang='lat'>120‚10:</span> 
     </span>
     <span class='ocr_line' id='line_1_5' title="bbox 196 768 1329 857; baseline 0 -19"><span class='ocrx_word' id='word_1_18' title='bbox 196 771 328 855; x_wconf 82' lang='lat'><strong>835,33:</strong></span> <span class='ocrx_word' id='word_1_19' title='bbox 355 769 379 852; x_wconf 77' lang='grc' dir='ltr'><strong><em>ἡ</em></strong></span> <span class='ocrx_word' id='word_1_20' title='bbox 400 775 461 855; x_wconf 79' lang='grc' dir='ltr'>μὲν</span> <span class='ocrx_word' id='word_1_21' title='bbox 487 772 553 857; x_wconf 90' lang='grc' dir='ltr'>γάρ</span> <span class='ocrx_word' id='word_1_22' title='bbox 577 772 734 857; x_wconf 69' lang='grc' dir='ltr'><em>γραμμά·</em></span> <span class='ocrx_word' id='word_1_23' title='bbox 789 769 910 848; x_wconf 80' lang='grc' dir='ltr'><em>Κλοτιὴ</em></span> <span class='ocrx_word' id='word_1_24' title='bbox 940 768 1006 856; x_wconf 90' lang='grc' dir='ltr'>γάρ</span> <span class='ocrx_word' id='word_1_25' title='bbox 1027 771 1098 836; x_wconf 80' lang='grc' dir='ltr'><em>ἐστι</em></span> <span class='ocrx_word' id='word_1_26' title='bbox 1117 771 1247 856; x_wconf 79' lang='grc' dir='ltr'><em>χρόνων</em></span> <span class='ocrx_word' id='word_1_27' title='bbox 1269 768 1329 838; x_wconf 78' lang='grc' dir='ltr'><em>αὕ-</em></span> 
     </span>
     <span class='ocr_line' id='line_1_6' title="bbox 197 861 1328 975; baseline -0.002 -17"><span class='ocrx_word' id='word_1_28' title='bbox 197 915 262 958; x_wconf 86' lang='grc' dir='ltr'>των</span> <span class='ocrx_word' id='word_1_29' title='bbox 278 892 350 957; x_wconf 78' lang='grc' dir='ltr'><em>ἐστὶ</em></span> <span class='ocrx_word' id='word_1_30' title='bbox 368 889 489 972; x_wconf 83' lang='grc' dir='ltr'><em>κλοτιή,</em></span> <span class='ocrx_word' id='word_1_31' title='bbox 510 889 530 971; x_wconf 74' lang='grc' dir='ltr'><em>ἡ</em></span> <span class='ocrx_word' id='word_1_32' title='bbox 553 892 589 957; x_wconf 78' lang='grc' dir='ltr'>δὲ</span> <span class='ocrx_word' id='word_1_33' title='bbox 608 888 736 975; x_wconf 79' lang='grc' dir='ltr'><em>χρόνων</em></span> <span class='ocrx_word' id='word_1_34' title='bbox 789 861 849 970; x_wconf 68' lang='grc' dir='ltr'>τά,</span> <span class='ocrx_word' id='word_1_35' title='bbox 877 889 1089 975; x_wconf 75' lang='grc' dir='ltr'><em>γραμμάτων</em></span> <span class='ocrx_word' id='word_1_36' title='bbox 1118 886 1245 967; x_wconf 77' lang='grc' dir='ltr'><strong><em>κλοπῆς</em></strong></span> <span class='ocrx_word' id='word_1_37' title='bbox 1274 889 1328 956; x_wconf 79' lang='lat' dir='ltr'>oii-</span> 
     </span>
     <span class='ocr_line' id='line_1_7' title="bbox 298 1005 1329 1100; baseline 0 -24"><span class='ocrx_word' id='word_1_38' title='bbox 298 1011 367 1076; x_wconf 77' lang='grc' dir='ltr'><em>Καὶ</em></span> <span class='ocrx_word' id='word_1_39' title='bbox 400 1009 420 1090; x_wconf 76' lang='grc' dir='ltr'><em>ἡ</em></span> <span class='ocrx_word' id='word_1_40' title='bbox 448 1014 507 1092; x_wconf 77' lang='grc' dir='ltr'>μὲν</span> <span class='ocrx_word' id='word_1_41' title='bbox 536 1007 734 1100; x_wconf 80' lang='grc' dir='ltr'><em>συναλοιφή,</em></span> <span class='ocrx_word' id='word_1_42' title='bbox 787 1031 848 1088; x_wconf 83' lang='grc' dir='ltr'>σης</span> <span class='ocrx_word' id='word_1_43' title='bbox 870 1009 929 1088; x_wconf 78' lang='grc' dir='ltr'>τῆς</span> <span class='ocrx_word' id='word_1_44' title='bbox 950 1010 1172 1097; x_wconf 82' lang='grc' dir='ltr'><em>συναλοιφῆς·</em></span> <span class='ocrx_word' id='word_1_45' title='bbox 1201 1005 1277 1076; x_wconf 86' lang='grc' dir='ltr'>Ἔτι</span> <span class='ocrx_word' id='word_1_46' title='bbox 1306 1009 1329 1090; x_wconf 74' lang='grc' dir='ltr'>η’</span> 
     </span>
     <span class='ocr_line' id='line_1_8' title="bbox 196 1103 1329 1218; baseline 0 -24"><span class='ocrx_word' id='word_1_47' title='bbox 196 1127 236 1206; x_wconf 72' lang='lat' dir='ltr'>cic</span> <span class='ocrx_word' id='word_1_48' title='bbox 278 1131 433 1216; x_wconf 81' lang='grc' dir='ltr'><em>λέγεται,</em></span> <span class='ocrx_word' id='word_1_49' title='bbox 483 1126 660 1218; x_wconf 76' lang='grc' dir='ltr'><em>φαίνεται,</em></span> <span class='ocrx_word' id='word_1_50' title='bbox 712 1126 732 1209; x_wconf 82' lang='grc' dir='ltr'><em>ἡ</em></span> <span class='ocrx_word' id='word_1_51' title='bbox 783 1131 846 1214; x_wconf 75' lang='grc' dir='ltr'>μέν</span> <span class='ocrx_word' id='word_1_52' title='bbox 869 1103 1124 1216; x_wconf 80' lang='grc' dir='ltr'><em>συναλοιφὴ,άς</em></span> <span class='ocrx_word' id='word_1_53' title='bbox 1145 1129 1329 1216; x_wconf 76' lang='grc' dir='ltr'><em>γράφεται,</em></span> 
     </span>
     <span class='ocr_line' id='line_1_9' title="bbox 196 1244 1329 1336; baseline 0 -22"><span class='ocrx_word' id='word_1_54' title='bbox 196 1249 232 1314; x_wconf 80' lang='grc' dir='ltr'>δὲ</span> <span class='ocrx_word' id='word_1_55' title='bbox 254 1245 299 1314; x_wconf 81' lang='grc' dir='ltr'>οὔ.</span> <span class='ocrx_word' id='word_1_56' title='bbox 785 1247 845 1312; x_wconf 85' lang='grc' dir='ltr'><em>καὶ</em></span> <span class='ocrx_word' id='word_1_57' title='bbox 862 1244 1020 1336; x_wconf 75' lang='grc' dir='ltr'><em>βαίνεται.</em></span> <span class='ocrx_word' id='word_1_58' title='bbox 1042 1247 1198 1332; x_wconf 73' lang='lat' dir='ltr'>et123‚5:</span> <span class='ocrx_word' id='word_1_59' title='bbox 1225 1245 1246 1327; x_wconf 77' lang='grc' dir='ltr'><em>ἡ</em></span> <span class='ocrx_word' id='word_1_60' title='bbox 1268 1253 1329 1333; x_wconf 74' lang='grc' dir='ltr'>μὲν</span> 
     </span>
     <span class='ocr_line' id='line_1_10' title="bbox 783 1365 1329 1456; baseline -0.005 -20"><span class='ocrx_word' id='word_1_61' title='bbox 783 1367 850 1454; x_wconf 83' lang='grc' dir='ltr'>γάρ</span> <span class='ocrx_word' id='word_1_62' title='bbox 871 1368 1067 1456; x_wconf 75' lang='grc' dir='ltr'><em>συναλοιφή</em></span> <span class='ocrx_word' id='word_1_63' title='bbox 1097 1365 1137 1446; x_wconf 78' lang='grc' dir='ltr'>ὥς</span> <span class='ocrx_word' id='word_1_64' title='bbox 1158 1367 1329 1456; x_wconf 74' lang='grc' dir='ltr'><em>γράφεται</em></span> 
     </span>
    </p>

    <p class='ocr_par' dir='ltr' id='par_1_3' title="bbox 197 1482 1329 1814">
     <span class='ocr_line' id='line_1_11' title="bbox 782 1482 1232 1576; baseline 0.002 -23"><span class='ocrx_word' id='word_1_65' title='bbox 782 1482 872 1554; x_wconf 69' lang='grc' dir='ltr'><em>οὕτω</em></span> <span class='ocrx_word' id='word_1_66' title='bbox 895 1489 953 1553; x_wconf 84' lang='grc' dir='ltr'><em>καὶ</em></span> <span class='ocrx_word' id='word_1_67' title='bbox 976 1486 1232 1576; x_wconf 76' lang='grc' dir='ltr'><em>ἐκφωνεῖται.*)</em></span> 
     </span>
     <span class='ocr_line' id='line_1_12' title="bbox 284 1607 1329 1691; baseline 0.001 -17"><span class='ocrx_word' id='word_1_68' title='bbox 284 1609 443 1676; x_wconf 82' lang='lat' dir='ltr'><strong>Graviora</strong></span> <span class='ocrx_word' id='word_1_69' title='bbox 464 1608 545 1674; x_wconf 88' lang='lat' dir='ltr'>haec</span> <span class='ocrx_word' id='word_1_70' title='bbox 568 1609 700 1676; x_wconf 88' lang='lat' dir='ltr'>artioris</span> <span class='ocrx_word' id='word_1_71' title='bbox 723 1607 969 1674; x_wconf 76' lang='lat' dir='ltr'>necessitudinis</span> <span class='ocrx_word' id='word_1_72' title='bbox 992 1609 1178 1676; x_wconf 85' lang='lat' dir='ltr'>testimonia</span> <span class='ocrx_word' id='word_1_73' title='bbox 1199 1609 1258 1691; x_wconf 90' lang='lat' dir='ltr'>qui</span> <span class='ocrx_word' id='word_1_74' title='bbox 1280 1610 1329 1675; x_wconf 92' lang='lat' dir='ltr'>in·</span> 
     </span>
     <span class='ocr_line' id='line_1_13' title="bbox 197 1728 1327 1814; baseline 0.002 -18"><span class='ocrx_word' id='word_1_75' title='bbox 197 1730 347 1814; x_wconf 74' lang='lat' dir='ltr'>speienit²</span> <span class='ocrx_word' id='word_1_76' title='bbox 365 1731 393 1795; x_wconf 89' lang='lat' dir='ltr'>is</span> <span class='ocrx_word' id='word_1_77' title='bbox 405 1751 446 1794; x_wconf 87' lang='lat' dir='ltr'>na</span> <span class='ocrx_word' id='word_1_78' title='bbox 457 1729 593 1814; x_wconf 87' lang='lat' dir='ltr'>parvola</span> <span class='ocrx_word' id='word_1_79' title='bbox 607 1728 737 1814; x_wconf 89' lang='lat' dir='ltr'>quidem</span> <span class='ocrx_word' id='word_1_80' title='bbox 748 1729 906 1796; x_wconf 87' lang='lat' dir='ltr'>nonnulla</span> <span class='ocrx_word' id='word_1_81' title='bbox 916 1735 1105 1813; x_wconf 77' lang='lat' dir='ltr'>contemnet,</span> <span class='ocrx_word' id='word_1_82' title='bbox 1123 1751 1209 1814; x_wconf 87' lang='lat' dir='ltr'>quae</span> <span class='ocrx_word' id='word_1_83' title='bbox 1222 1752 1327 1814; x_wconf 87' lang='lat' dir='ltr'>quan-</span> 
     </span>
    </p>
   </div>
   <div class='ocr_carea' id='block_1_3' title="bbox 197 1840 1327 1935">
    <p class='ocr_par' dir='ltr' id='par_1_4' title="bbox 197 1840 1327 1935">
     <span class='ocr_line' id='line_1_14' title="bbox 197 1840 1327 1935; baseline 0.004 -21"><span class='ocrx_word' id='word_1_84' title='bbox 197 1872 294 1934; x_wconf 83' lang='lat' dir='ltr'><strong>quam</strong></span> <span class='ocrx_word' id='word_1_85' title='bbox 318 1840 376 1935; x_wconf 78' lang='lat' dir='ltr'>p&#39;er</span> <span class='ocrx_word' id='word_1_86' title='bbox 399 1871 432 1916; x_wconf 86' lang='lat' dir='ltr'>se</span> <span class='ocrx_word' id='word_1_87' title='bbox 454 1850 588 1916; x_wconf 86' lang='lat' dir='ltr'>minoris</span> <span class='ocrx_word' id='word_1_88' title='bbox 603 1849 756 1915; x_wconf 89' lang='lat' dir='ltr'>momenti</span> <span class='ocrx_word' id='word_1_89' title='bbox 779 1854 871 1932; x_wconf 82' lang='lat' dir='ltr'>sunt,</span> <span class='ocrx_word' id='word_1_90' title='bbox 893 1855 1003 1931; x_wconf 85' lang='lat' dir='ltr'>tamen</span> <span class='ocrx_word' id='word_1_91' title='bbox 1026 1870 1186 1922; x_wconf 82' lang='lat' dir='ltr'>unacum</span> <span class='ocrx_word' id='word_1_92' title='bbox 1209 1851 1327 1918; x_wconf 88' lang='lat' dir='ltr'>ceteris</span> 
     </span>
    </p>
   </div>
   <div class='ocr_carea' id='block_1_4' title="bbox 148 1951 1383 3258">
    <p class='ocr_par' dir='ltr' id='par_1_5' title="bbox 148 1951 1383 3258">
     <span class='ocr_line' id='line_1_15' title="bbox 192 1951 1328 2056; baseline -0.002 -20"><span class='ocrx_word' id='word_1_93' title='bbox 192 1951 381 2056; x_wconf 76' lang='lat' dir='ltr'>opinionem</span> <span class='ocrx_word' id='word_1_94' title='bbox 397 1975 542 2034; x_wconf 80' lang='lat' dir='ltr'>nostram</span> <span class='ocrx_word' id='word_1_95' title='bbox 557 1968 746 2034; x_wconf 79' lang='lat' dir='ltr'>confirmare</span> <span class='ocrx_word' id='word_1_96' title='bbox 757 1970 892 2051; x_wconf 86' lang='lat' dir='ltr'>possint.</span> <span class='ocrx_word' id='word_1_97' title='bbox 917 1965 1328 2054; x_wconf 62' lang='lat' dir='ltr'>UtHephaestionisprae‘-</span> 
     </span>
     <span class='ocr_line' id='line_1_16' title="bbox 198 2088 1329 2174; baseline 0.002 -21"><span class='ocrx_word' id='word_1_98' title='bbox 198 2096 303 2174; x_wconf 83' lang='lat' dir='ltr'>cepto,</span> <span class='ocrx_word' id='word_1_99' title='bbox 327 2111 391 2173; x_wconf 91' lang='lat' dir='ltr'>quo</span> <span class='ocrx_word' id='word_1_100' title='bbox 414 2095 534 2154; x_wconf 88' lang='lat' dir='ltr'>mutam</span> <span class='ocrx_word' id='word_1_101' title='bbox 557 2090 697 2156; x_wconf 73' lang='lat' dir='ltr'>litteram</span> <span class='ocrx_word' id='word_1_102' title='bbox 718 2110 790 2153; x_wconf 91' lang='lat' dir='ltr'>cum</span> <span class='ocrx_word' id='word_1_103' title='bbox 807 2088 934 2172; x_wconf 83' lang='lat' dir='ltr'>liquida</span> <span class='ocrx_word' id='word_1_104' title='bbox 948 2088 1151 2154; x_wconf 88' lang='lat' dir='ltr'>coniunctam</span> <span class='ocrx_word' id='word_1_105' title='bbox 1168 2089 1329 2174; x_wconf 85' lang='lat' dir='ltr'>syllabam</span> 
     </span>
     <span class='ocr_line' id='line_1_17' title="bbox 148 2200 1383 2292; baseline 0.002 -18"><span class='ocrx_word' id='word_1_106' title='bbox 148 2251 154 2264; x_wconf 41' lang='lat' dir='ltr'>x</span> <span class='ocrx_word' id='word_1_107' title='bbox 197 2209 437 2276; x_wconf 80' lang='lat' dir='ltr'>antecedentem</span> <span class='ocrx_word' id='word_1_108' title='bbox 454 2230 519 2273; x_wconf 91' lang='lat' dir='ltr'>non</span> <span class='ocrx_word' id='word_1_109' title='bbox 537 2211 714 2292; x_wconf 80' lang='lat' dir='ltr'>producere</span> <span class='ocrx_word' id='word_1_110' title='bbox 731 2209 831 2292; x_wconf 87' lang='lat' dir='ltr'>docet,</span> <span class='ocrx_word' id='word_1_111' title='bbox 849 2210 876 2273; x_wconf 90' lang='lat' dir='ltr'>si</span> <span class='ocrx_word' id='word_1_112' title='bbox 893 2209 984 2292; x_wconf 89' lang='lat' dir='ltr'>prior</span> <span class='ocrx_word' id='word_1_113' title='bbox 1001 2208 1112 2272; x_wconf 84' lang='lat' dir='ltr'>littera</span> <span class='ocrx_word' id='word_1_114' title='bbox 1126 2207 1213 2274; x_wconf 85' lang='lat' dir='ltr'>vocis</span> <span class='ocrx_word' id='word_1_115' title='bbox 1229 2208 1327 2276; x_wconf 90' lang='lat' dir='ltr'>finem</span> <span class='ocrx_word' id='word_1_116' title='bbox 1380 2200 1383 2209; x_wconf 54' lang='lat'><strong><em>¹</em></strong></span> 
     </span>
     <span class='ocr_line' id='line_1_18' title="bbox 198 2315 1326 2416; baseline -0.002 -20"><span class='ocrx_word' id='word_1_117' title='bbox 198 2330 304 2416; x_wconf 81' lang='lat' dir='ltr'>faciat,</span> <span class='ocrx_word' id='word_1_118' title='bbox 328 2331 361 2396; x_wconf 91' lang='lat' dir='ltr'>in</span> <span class='ocrx_word' id='word_1_119' title='bbox 386 2318 515 2394; x_wconf 87' lang='lat' dir='ltr'>scholiis</span> <span class='ocrx_word' id='word_1_120' title='bbox 538 2354 568 2415; x_wconf 92' lang='lat' dir='ltr'>p.</span> <span class='ocrx_word' id='word_1_121' title='bbox 594 2330 687 2412; x_wconf 84' lang='lat'>110‚3</span> <span class='ocrx_word' id='word_1_122' title='bbox 708 2328 790 2394; x_wconf 84' lang='lat' dir='ltr'>haec</span> <span class='ocrx_word' id='word_1_123' title='bbox 813 2328 995 2394; x_wconf 86' lang='lat' dir='ltr'>adduntur:</span> <span class='ocrx_word' id='word_1_124' title='bbox 1025 2315 1216 2404; x_wconf 76' lang='grc' dir='ltr'><em>άςτττῖναι</em></span> <span class='ocrx_word' id='word_1_125' title='bbox 1240 2327 1326 2396; x_wconf 86' lang='grc' dir='ltr'><em>αάτὸ</em></span> 
     </span>
     <span class='ocr_line' id='line_1_19' title="bbox 198 2443 1328 2534; baseline -0.001 -20"><span class='ocrx_word' id='word_1_126' title='bbox 198 2446 307 2514; x_wconf 89' lang='grc' dir='ltr'><em>κατά</em></span> <span class='ocrx_word' id='word_1_127' title='bbox 346 2443 585 2514; x_wconf 74' lang='grc' dir='ltr'><em>διάστασιν</em></span> <span class='ocrx_word' id='word_1_128' title='bbox 614 2447 789 2526; x_wconf 81' lang='grc' dir='ltr'><em>δηλονότι·</em></span> <span class='ocrx_word' id='word_1_129' title='bbox 835 2443 939 2522; x_wconf 66' lang='grc' dir='ltr'><em>οὕτως</em></span> <span class='ocrx_word' id='word_1_130' title='bbox 971 2445 1036 2534; x_wconf 87' lang='grc' dir='ltr'>γάρ</span> <span class='ocrx_word' id='word_1_131' title='bbox 1065 2443 1084 2513; x_wconf 90' lang='grc' dir='ltr'>ὁ</span> <span class='ocrx_word' id='word_1_132' title='bbox 1116 2443 1328 2532; x_wconf 76' lang='grc' dir='ltr'><em>ἐξηγητής</em></span> 
     </span>
     <span class='ocr_line' id='line_1_20' title="bbox 197 2564 1328 2656; baseline 0.001 -24"><span class='ocrx_word' id='word_1_133' title='bbox 197 2576 326 2654; x_wconf 76' lang='grc' dir='ltr'><em>φησιν’</em></span> <span class='ocrx_word' id='word_1_134' title='bbox 358 2571 427 2635; x_wconf 87' lang='lat' dir='ltr'>Iam</span> <span class='ocrx_word' id='word_1_135' title='bbox 449 2592 525 2634; x_wconf 85' lang='lat' dir='ltr'>vero</span> <span class='ocrx_word' id='word_1_136' title='bbox 549 2569 576 2634; x_wconf 88' lang='lat' dir='ltr'>si</span> <span class='ocrx_word' id='word_1_137' title='bbox 598 2570 731 2634; x_wconf 85' lang='lat' dir='ltr'>alterius</span> <span class='ocrx_word' id='word_1_138' title='bbox 754 2569 844 2635; x_wconf 87' lang='lat' dir='ltr'>illius</span> <span class='ocrx_word' id='word_1_139' title='bbox 858 2568 922 2634; x_wconf 92' lang='lat' dir='ltr'>loci</span> <span class='ocrx_word' id='word_1_140' title='bbox 938 2567 1126 2652; x_wconf 85' lang='lat' dir='ltr'>meministi,</span> <span class='ocrx_word' id='word_1_141' title='bbox 1149 2567 1206 2632; x_wconf 89' lang='lat' dir='ltr'>ubi</span> <span class='ocrx_word' id='word_1_142' title='bbox 1220 2564 1328 2656; x_wconf 81' lang='grc' dir='ltr'><em>φησίν</em></span> 
     </span>
     <span class='ocr_line' id='line_1_21' title="bbox 198 2685 1327 2776; baseline 0 -23"><span class='ocrx_word' id='word_1_143' title='bbox 198 2688 241 2753; x_wconf 84' lang='lat' dir='ltr'>ad</span> <span class='ocrx_word' id='word_1_144' title='bbox 266 2687 523 2754; x_wconf 83' lang='lat' dir='ltr'>Choeroboscum</span> <span class='ocrx_word' id='word_1_145' title='bbox 546 2694 694 2773; x_wconf 86' lang='lat' dir='ltr'>spectare</span> <span class='ocrx_word' id='word_1_146' title='bbox 716 2688 791 2768; x_wconf 11' lang='lat' dir='ltr'>&#39;dixi</span> <span class='ocrx_word' id='word_1_147' title='bbox 814 2689 862 2772; x_wconf 86' lang='lat' dir='ltr'>(in</span> <span class='ocrx_word' id='word_1_148' title='bbox 885 2685 909 2776; x_wconf 65' lang='grc' dir='ltr'>ξ</span> <span class='ocrx_word' id='word_1_149' title='bbox 933 2688 984 2770; x_wconf 86' lang='grc'>14)</span> <span class='ocrx_word' id='word_1_150' title='bbox 1007 2686 1115 2753; x_wconf 90' lang='lat' dir='ltr'>nescio</span> <span class='ocrx_word' id='word_1_151' title='bbox 1144 2709 1188 2754; x_wconf 88' lang='lat' dir='ltr'>an</span> <span class='ocrx_word' id='word_1_152' title='bbox 1208 2687 1327 2772; x_wconf 84' lang='lat' dir='ltr'>proba-</span> 
     </span>
     <span class='ocr_line' id='line_1_22' title="bbox 198 2806 1327 2890; baseline 0.003 -19"><span class='ocrx_word' id='word_1_153' title='bbox 198 2806 296 2872; x_wconf 87' lang='lat' dir='ltr'>bilius</span> <span class='ocrx_word' id='word_1_154' title='bbox 319 2806 405 2873; x_wconf 88' lang='lat' dir='ltr'>idem</span> <span class='ocrx_word' id='word_1_155' title='bbox 430 2810 528 2874; x_wconf 88' lang='lat' dir='ltr'>etiam</span> <span class='ocrx_word' id='word_1_156' title='bbox 551 2807 706 2875; x_wconf 89' lang='lat' dir='ltr'>hocloco</span> <span class='ocrx_word' id='word_1_157' title='bbox 729 2808 902 2875; x_wconf 87' lang='lat' dir='ltr'>habiturus</span> <span class='ocrx_word' id='word_1_158' title='bbox 926 2809 980 2890; x_wconf 83' lang='lat' dir='ltr'>sis,</span> <span class='ocrx_word' id='word_1_159' title='bbox 1003 2829 1102 2890; x_wconf 89' lang='lat' dir='ltr'>quam</span> <span class='ocrx_word' id='word_1_160' title='bbox 1118 2806 1206 2890; x_wconf 83' lang='lat' dir='ltr'>quod</span> <span class='ocrx_word' id='word_1_161' title='bbox 1220 2806 1327 2874; x_wconf 89' lang='lat' dir='ltr'>West-</span> 
     </span>
     <span class='ocr_line' id='line_1_23' title="bbox 196 2915 1328 3014; baseline 0 -24"><span class='ocrx_word' id='word_1_162' title='bbox 196 2926 298 2991; x_wconf 87' lang='lat' dir='ltr'>fahlio</span> <span class='ocrx_word' id='word_1_163' title='bbox 321 2934 342 2992; x_wconf 89' lang='lat' dir='ltr'>t.</span> <span class='ocrx_word' id='word_1_164' title='bbox 365 2929 380 2993; x_wconf 93' lang='lat' dir='ltr'>I</span> <span class='ocrx_word' id='word_1_165' title='bbox 403 2951 432 3012; x_wconf 94' lang='lat' dir='ltr'>p.</span> <span class='ocrx_word' id='word_1_166' title='bbox 458 2928 520 2992; x_wconf 81' lang='lat'>190</span> <span class='ocrx_word' id='word_1_167' title='bbox 540 2927 644 2995; x_wconf 79' lang='lat' dir='ltr'>visum</span> <span class='ocrx_word' id='word_1_168' title='bbox 667 2935 734 3014; x_wconf 80' lang='lat' dir='ltr'>est,</span> <span class='ocrx_word' id='word_1_169' title='bbox 762 2915 946 3012; x_wconf 86' lang='lat' dir='ltr'>Longinum</span> <span class='ocrx_word' id='word_1_170' title='bbox 968 2948 1039 2992; x_wconf 86' lang='lat' dir='ltr'>esse</span> <span class='ocrx_word' id='word_1_171' title='bbox 1062 2923 1121 2992; x_wconf 82' lang='grc' dir='ltr'>τὸν</span> <span class='ocrx_word' id='word_1_172' title='bbox 1150 2921 1328 3012; x_wconf 80' lang='grc' dir='ltr'><em>ἕξηγητήν.</em></span> 
     </span>
     <span class='ocr_line' id='line_1_24' title="bbox 198 3044 1326 3121; baseline 0.002 -11"><span class='ocrx_word' id='word_1_173' title='bbox 198 3045 281 3110; x_wconf 87' lang='lat' dir='ltr'>Nam</span> <span class='ocrx_word' id='word_1_174' title='bbox 314 3047 427 3112; x_wconf 87' lang='lat' dir='ltr'>eodem</span> <span class='ocrx_word' id='word_1_175' title='bbox 461 3068 556 3112; x_wconf 83' lang='lat' dir='ltr'>sensu</span> <span class='ocrx_word' id='word_1_176' title='bbox 588 3050 622 3112; x_wconf 91' lang='lat' dir='ltr'>in</span> <span class='ocrx_word' id='word_1_177' title='bbox 656 3071 691 3113; x_wconf 86' lang='lat' dir='ltr'>re</span> <span class='ocrx_word' id='word_1_178' title='bbox 727 3047 891 3112; x_wconf 89' lang='lat' dir='ltr'>simillima</span> <span class='ocrx_word' id='word_1_179' title='bbox 921 3044 1099 3121; x_wconf 81' lang='grc' dir='ltr'><em>διάστασις</em></span> <span class='ocrx_word' id='word_1_180' title='bbox 1127 3046 1161 3110; x_wconf 92' lang='lat' dir='ltr'>in</span> <span class='ocrx_word' id='word_1_181' title='bbox 1192 3046 1326 3112; x_wconf 89' lang='lat' dir='ltr'>scholiis</span> 
     </span>
     <span class='ocr_line' id='line_1_25' title="bbox 197 3165 1326 3258; baseline 0.004 -29"><span class='ocrx_word' id='word_1_182' title='bbox 197 3165 291 3258; x_wconf 89' lang='lat' dir='ltr'>Dion.</span> <span class='ocrx_word' id='word_1_183' title='bbox 314 3174 502 3251; x_wconf 82' lang='lat' dir='ltr'>usurpatur,</span> <span class='ocrx_word' id='word_1_184' title='bbox 524 3166 581 3233; x_wconf 92' lang='lat' dir='ltr'>ubi</span> <span class='ocrx_word' id='word_1_185' title='bbox 605 3167 644 3232; x_wconf 85' lang='lat' dir='ltr'>dc</span> <span class='ocrx_word' id='word_1_186' title='bbox 672 3167 792 3233; x_wconf 87' lang='lat' dir='ltr'>litteris</span> <span class='ocrx_word' id='word_1_187' title='bbox 822 3167 909 3231; x_wconf 86' lang='lat' dir='ltr'>inter</span> <span class='ocrx_word' id='word_1_188' title='bbox 931 3165 1074 3232; x_wconf 87' lang='lat' dir='ltr'>diversas</span> <span class='ocrx_word' id='word_1_189' title='bbox 1097 3165 1239 3251; x_wconf 85' lang='lat' dir='ltr'>syllabas</span> <span class='ocrx_word' id='word_1_190' title='bbox 1263 3165 1326 3234; x_wconf 81' lang='lat' dir='ltr'>dis-</span> 
     </span>
    </p>
   </div>
   <div class='ocr_carea' id='block_1_5' title="bbox 194 3339 399 3350">
    <p class='ocr_par' dir='ltr' id='par_1_6' title="bbox 194 3339 399 3350">
     <span class='ocr_line' id='line_1_26' title="bbox 194 3339 399 3350; baseline 0 0"><span class='ocrx_word' id='word_1_191' title='bbox 194 3339 399 3350; x_wconf 66' lang='lat'>——————-</span> 
     </span>
    </p>
   </div>
   <div class='ocr_carea' id='block_1_6' title="bbox 193 3421 1328 4096">
    <p class='ocr_par' dir='ltr' id='par_1_7' title="bbox 193 3421 1328 4096">
     <span class='ocr_line' id='line_1_27' title="bbox 269 3421 1328 3497; baseline 0.008 -23"><span class='ocrx_word' id='word_1_192' title='bbox 269 3421 294 3488; x_wconf 71' lang='lat' dir='ltr'>*l</span> <span class='ocrx_word' id='word_1_193' title='bbox 312 3422 345 3476; x_wconf 91' lang='lat' dir='ltr'>In</span> <span class='ocrx_word' id='word_1_194' title='bbox 369 3423 410 3478; x_wconf 85' lang='lat' dir='ltr'>his</span> <span class='ocrx_word' id='word_1_195' title='bbox 428 3441 578 3494; x_wconf 87' lang='lat' dir='ltr'>quanquam</span> <span class='ocrx_word' id='word_1_196' title='bbox 596 3422 681 3478; x_wconf 87' lang='lat' dir='ltr'>multa</span> <span class='ocrx_word' id='word_1_197' title='bbox 698 3424 767 3478; x_wconf 87' lang='lat' dir='ltr'>inter</span> <span class='ocrx_word' id='word_1_198' title='bbox 784 3441 812 3478; x_wconf 85' lang='lat' dir='ltr'>se</span> <span class='ocrx_word' id='word_1_199' title='bbox 829 3421 925 3478; x_wconf 81' lang='lat' dir='ltr'>similia</span> <span class='ocrx_word' id='word_1_200' title='bbox 942 3441 1028 3494; x_wconf 84' lang='lat' dir='ltr'>nequa</span> <span class='ocrx_word' id='word_1_201' title='bbox 1046 3430 1137 3480; x_wconf 80' lang='lat' dir='ltr'>tamen</span> <span class='ocrx_word' id='word_1_202' title='bbox 1154 3428 1328 3497; x_wconf 80' lang='lat' dir='ltr'>congruentia</span> 
     </span>
     <span class='ocr_line' id='line_1_28' title="bbox 201 3509 1328 3584; baseline 0.008 -25"><span class='ocrx_word' id='word_1_203' title='bbox 201 3513 272 3572; x_wconf 88' lang='lat' dir='ltr'>sunt,</span> <span class='ocrx_word' id='word_1_204' title='bbox 292 3515 322 3561; x_wconf 91' lang='lat' dir='ltr'>ut</span> <span class='ocrx_word' id='word_1_205' title='bbox 339 3509 424 3579; x_wconf 87' lang='lat' dir='ltr'>primo</span> <span class='ocrx_word' id='word_1_206' title='bbox 443 3509 570 3580; x_wconf 84' lang='lat' dir='ltr'>adspectu</span> <span class='ocrx_word' id='word_1_207' title='bbox 588 3509 744 3580; x_wconf 81' lang='lat' dir='ltr'>corrigenda</span> <span class='ocrx_word' id='word_1_208' title='bbox 760 3510 913 3574; x_wconf 87' lang='lat' dir='ltr'>videantur,</span> <span class='ocrx_word' id='word_1_209' title='bbox 939 3515 1028 3564; x_wconf 88' lang='lat' dir='ltr'>tamen</span> <span class='ocrx_word' id='word_1_210' title='bbox 1045 3509 1113 3566; x_wconf 86' lang='lat' dir='ltr'>nihil</span> <span class='ocrx_word' id='word_1_211' title='bbox 1130 3518 1233 3566; x_wconf 81' lang='lat' dir='ltr'>mutare</span> <span class='ocrx_word' id='word_1_212' title='bbox 1250 3530 1328 3584; x_wconf 80' lang='lat' dir='ltr'>praa-</span> 
     </span>
     <span class='ocr_line' id='line_1_29' title="bbox 200 3591 1327 3668; baseline 0.005 -24"><span class='ocrx_word' id='word_1_213' title='bbox 200 3591 257 3656; x_wconf 90' lang='lat' dir='ltr'>tuli,</span> <span class='ocrx_word' id='word_1_214' title='bbox 279 3611 338 3647; x_wconf 88' lang='lat' dir='ltr'>cum</span> <span class='ocrx_word' id='word_1_215' title='bbox 357 3601 448 3665; x_wconf 83' lang='lat' dir='ltr'>aperta</span> <span class='ocrx_word' id='word_1_216' title='bbox 465 3595 563 3650; x_wconf 87' lang='lat' dir='ltr'>menda</span> <span class='ocrx_word' id='word_1_217' title='bbox 580 3613 635 3648; x_wconf 89' lang='lat' dir='ltr'>non</span> <span class='ocrx_word' id='word_1_218' title='bbox 652 3596 756 3650; x_wconf 88' lang='lat' dir='ltr'>videam</span> <span class='ocrx_word' id='word_1_219' title='bbox 775 3595 818 3666; x_wconf 80' lang='lat' dir='ltr'>(cl.</span> <span class='ocrx_word' id='word_1_220' title='bbox 839 3595 986 3660; x_wconf 71' lang='grc' dir='ltr'>ἐπάλληλος</span> <span class='ocrx_word' id='word_1_221' title='bbox 1004 3601 1030 3650; x_wconf 90' lang='lat' dir='ltr'>et</span> <span class='ocrx_word' id='word_1_222' title='bbox 1044 3595 1249 3664; x_wconf 74' lang='grc' dir='ltr'><strong><em>άλλεπάλληλος,</em></strong></span> <span class='ocrx_word' id='word_1_223' title='bbox 1263 3617 1327 3668; x_wconf 81' lang='grc' dir='ltr'><em>προ-</em></span> 
     </span>
     <span class='ocr_line' id='line_1_30' title="bbox 199 3675 1328 3755; baseline 0.006 -25"><span class='ocrx_word' id='word_1_224' title='bbox 199 3675 271 3746; x_wconf 79' lang='grc' dir='ltr'><em>φορά</em></span> <span class='ocrx_word' id='word_1_225' title='bbox 292 3683 319 3731; x_wconf 83' lang='lat' dir='ltr'>et</span> <span class='ocrx_word' id='word_1_226' title='bbox 338 3677 429 3748; x_wconf 81' lang='grc' dir='ltr'><em>φορά).</em></span> <span class='ocrx_word' id='word_1_227' title='bbox 467 3678 557 3738; x_wconf 82' lang='lat' dir='ltr'>Quam</span> <span class='ocrx_word' id='word_1_228' title='bbox 580 3681 615 3734; x_wconf 94' lang='lat' dir='ltr'>ob</span> <span class='ocrx_word' id='word_1_229' title='bbox 635 3699 689 3736; x_wconf 89' lang='lat' dir='ltr'>rem</span> <span class='ocrx_word' id='word_1_230' title='bbox 707 3701 741 3736; x_wconf 89' lang='lat' dir='ltr'>ne</span> <span class='ocrx_word' id='word_1_231' title='bbox 760 3688 882 3750; x_wconf 68' lang='lat' dir='ltr'>ambacu</span> <span class='ocrx_word' id='word_1_232' title='bbox 900 3682 1022 3754; x_wconf 88' lang='lat' dir='ltr'>quidem,</span> <span class='ocrx_word' id='word_1_233' title='bbox 1048 3683 1120 3754; x_wconf 88' lang='lat' dir='ltr'>quod</span> <span class='ocrx_word' id='word_1_234' title='bbox 1138 3701 1186 3755; x_wconf 89' lang='lat' dir='ltr'>pro</span> <span class='ocrx_word' id='word_1_235' title='bbox 1204 3689 1328 3754; x_wconf 77' lang='grc' dir='ltr'><em>βαίνεται</em></span> 
     </span>
     <span class='ocr_line' id='line_1_31' title="bbox 201 3762 1328 3843; baseline 0.009 -27"><span class='ocrx_word' id='word_1_236' title='bbox 201 3762 228 3816; x_wconf 90' lang='lat' dir='ltr'>in</span> <span class='ocrx_word' id='word_1_237' title='bbox 247 3762 329 3817; x_wconf 84' lang='lat' dir='ltr'>schol.</span> <span class='ocrx_word' id='word_1_238' title='bbox 341 3763 432 3836; x_wconf 87' lang='lat' dir='ltr'>Heph.</span> <span class='ocrx_word' id='word_1_239' title='bbox 448 3764 488 3818; x_wconf 91' lang='lat' dir='ltr'>M.</span> <span class='ocrx_word' id='word_1_240' title='bbox 501 3766 586 3821; x_wconf 83' lang='lat' dir='ltr'>codex</span> <span class='ocrx_word' id='word_1_241' title='bbox 604 3767 715 3838; x_wconf 88' lang='lat' dir='ltr'>praebet</span> <span class='ocrx_word' id='word_1_242' title='bbox 732 3785 791 3822; x_wconf 90' lang='lat' dir='ltr'>cum</span> <span class='ocrx_word' id='word_1_243' title='bbox 810 3767 900 3822; x_wconf 86' lang='lat' dir='ltr'>alteris</span> <span class='ocrx_word' id='word_1_244' title='bbox 917 3766 1024 3821; x_wconf 72' lang='lat' dir='ltr'>scholiis</span> <span class='ocrx_word' id='word_1_245' title='bbox 1042 3787 1198 3840; x_wconf 85' lang='lat' dir='ltr'>congruens,</span> <span class='ocrx_word' id='word_1_246' title='bbox 1217 3777 1328 3843; x_wconf 83' lang='lat' dir='ltr'>propter</span> 
     </span>
     <span class='ocr_line' id='line_1_32' title="bbox 201 3840 1328 3926; baseline 0.009 -25"><span class='ocrx_word' id='word_1_247' title='bbox 201 3848 336 3902; x_wconf 84' lang='lat' dir='ltr'>inversam</span> <span class='ocrx_word' id='word_1_248' title='bbox 364 3850 523 3904; x_wconf 87' lang='lat' dir='ltr'>senteutiam</span> <span class='ocrx_word' id='word_1_249' title='bbox 552 3853 734 3926; x_wconf 86' lang='lat' dir='ltr'>recipiendum</span> <span class='ocrx_word' id='word_1_250' title='bbox 762 3845 824 3910; x_wconf 58' lang='lat' dir='ltr'>est(</span> <span class='ocrx_word' id='word_1_251' title='bbox 862 3853 989 3907; x_wconf 81' lang='lat' dir='ltr'>Fortasse</span> <span class='ocrx_word' id='word_1_252' title='bbox 1017 3840 1115 3910; x_wconf 73' lang='lat' dir='ltr'>bontra</span> <span class='ocrx_word' id='word_1_253' title='bbox 1144 3861 1266 3924; x_wconf 73' lang='grc' dir='ltr'><em>φαίνεται</em></span> <span class='ocrx_word' id='word_1_254' title='bbox 1294 3875 1328 3911; x_wconf 83' lang='lat' dir='ltr'>ex</span> 
     </span>
     <span class='ocr_line' id='line_1_33' title="bbox 196 3933 1328 4014; baseline 0.005 -26"><span class='ocrx_word' id='word_1_255' title='bbox 196 3933 377 4006; x_wconf 55' lang='grc' dir='ltr'><em>[ἐκφωνεῖται</em></span> <span class='ocrx_word' id='word_1_256' title='bbox 401 3936 585 4008; x_wconf 85' lang='lat' dir='ltr'>corrigendum</span> <span class='ocrx_word' id='word_1_257' title='bbox 610 3937 758 4004; x_wconf 86' lang='lat' dir='ltr'>videbitur;</span> <span class='ocrx_word' id='word_1_258' title='bbox 784 3939 852 3993; x_wconf 89' lang='lat' dir='ltr'>miro</span> <span class='ocrx_word' id='word_1_259' title='bbox 876 3937 948 3993; x_wconf 88' lang='lat' dir='ltr'>enim</span> <span class='ocrx_word' id='word_1_260' title='bbox 972 3941 1051 3996; x_wconf 88' lang='lat' dir='ltr'>modo</span> <span class='ocrx_word' id='word_1_261' title='bbox 1076 3943 1202 4010; x_wconf 71' lang='grc' dir='ltr'>λέγεσθαι</span> <span class='ocrx_word' id='word_1_262' title='bbox 1219 3949 1248 3997; x_wconf 84' lang='lat' dir='ltr'>ct</span> <span class='ocrx_word' id='word_1_263' title='bbox 1264 3947 1328 4014; x_wconf 84' lang='grc' dir='ltr'><em>φαί-</em></span> 
     </span>
     <span class='ocr_line' id='line_1_34' title="bbox 193 4021 931 4096; baseline 0.009 -22"><span class='ocrx_word' id='word_1_264' title='bbox 193 4026 292 4074; x_wconf 77' lang='grc' dir='ltr'><em>νεσθαι</em></span> <span class='ocrx_word' id='word_1_265' title='bbox 309 4022 386 4094; x_wconf 87' lang='lat' dir='ltr'>quasi</span> <span class='ocrx_word' id='word_1_266' title='bbox 404 4021 537 4076; x_wconf 84' lang='lat' dir='ltr'>contraria</span> <span class='ocrx_word' id='word_1_267' title='bbox 554 4022 604 4077; x_wconf 75' lang='lat' dir='ltr'>sibi</span> <span class='ocrx_word' id='word_1_268' title='bbox 621 4023 735 4079; x_wconf 84' lang='lat' dir='ltr'>invicem</span> <span class='ocrx_word' id='word_1_269' title='bbox 752 4031 931 4096; x_wconf 87' lang='lat' dir='ltr'>opponuntur.</span> 
     </span>
    </p>
   </div>
   <div class='ocr_carea' id='block_1_7' title="bbox 0 0 1506 4612">
    <p class='ocr_par' dir='ltr' id='par_1_8' title="bbox 0 0 1506 4612">
     <span class='ocr_line' id='line_1_35' title="bbox 0 0 1506 4612; baseline 0 0"><span class='ocrx_word' id='word_1_270' title='bbox 0 0 1506 4612; x_wconf 95' lang='lat' dir='ltr'> </span> 
     </span>
    </p>
   </div>
  </div>
 </body>
</html>
