3002 4614
621 309 833 376 ..63-

167 485 276 546 autem
301 499 408 563 neque
435 484 648 565 transponere
671 481 834 566 debuisse,
863 501 947 564 quae
969 502 1027 548 suo
1050 481 1120 547 loco
1144 483 1290 566 quamvis

164 600 314 667 breviata
339 597 546 683 legebantur,
576 621 681 683 neque
712 606 789 684 post
814 601 873 662 καὶ
903 595 1012 676 ἔξεστι
1094 603 1288 688 κεχρῆσθαι

164 725 254 784 reete
276 717 440 784 addidisse
469 721 542 794 τοῖς
564 719 723 792 παλαιοῖς
744 717 794 783 vel
815 724 888 794 τοῖς
909 720 1077 803 ποιηταῖς,
1106 741 1200 786 nemo
1223 743 1289 786 non

166 839 264 904 videt.
273 829 304 924 *j
342 897 345 904 .
516 909 518 914 ,

250 957 382 1023 Summa
403 978 476 1022 cum
498 956 634 1023 dixerim
664 957 815 1022 cautione
843 978 925 1043 opus
955 977 1041 1040 esse,
1076 977 1117 1022 ne
1144 977 1289 1042 eaquae

165 1078 200 1144 in
222 1073 247 1142 C
268 1076 348 1142 olim
369 1077 490 1160 scripta
509 1075 642 1160 fuerint,
664 1076 819 1141 audacius
849 1099 947 1160 quam
975 1077 1094 1143 rectius
1115 1085 1288 1164 mutemus,

166 1195 265 1262 etiam
287 1197 368 1264 alias
392 1195 550 1279 quasdam
571 1195 757 1260 Westfahlii
779 1197 981 1261 coniecturas
1011 1196 1192 1262 reiciendas
1219 1174 1289 1262 esse

164 1315 242 1380 inde
265 1317 427 1400 sequitur:
449 1315 484 1380 in
507 1313 607 1380 schol.
629 1314 724 1380 Dion.
748 1316 864 1400 basaa
886 1323 917 1381 et
939 1315 1038 1380 schol.
1057 1314 1288 1401 Heph.114,13

164 1436 230 1502 tria
253 1435 405 1520 ancipitis
428 1432 571 1520 syllabae
594 1455 714 1518 genera
735 1434 855 1518 puerili
876 1440 1006 1500 tantum
1026 1436 1149 1500 rationi
1171 1456 1208 1500 ac
1225 1435 1288 1500 dis-

164 1553 304 1638 ciplinae
327 1554 569 1620 accommodata
592 1574 661 1618 esse
684 1553 853 1637 dicuutur3
883 1559 1037 1620 secuntur
1065 1556 1100 1619 in
1121 1553 1187 1619 illis
1207 1551 1288 1618 Εἰσὶ

163 1669 276 1738 τοίνυν
303 1671 501 1741 δυοκαίδεκα
523 1673 605 1754 (scil.
629 1671 748 1758 τρόποι
777 1674 837 1750 τῆς
864 1675 1007 1758 κοινῆς),
1037 1673 1069 1736 in
1100 1673 1151 1737 his
1180 1681 1288 1739 autem

164 1794 197 1857 οἱ
220 1791 258 1858 δέ
281 1788 347 1858 εἰσι
369 1790 590 1867 δυοκαίδεκα,
620 1813 705 1876 quae
733 1791 946 1858 Westfahlius
974 1793 1020 1857 sic
1042 1793 1203 1878 corrigere
1226 1793 1288 1858 sibi

163 1913 250 1977 visus
281 1917 347 1978 est:
379 1915 413 1977 οὶ
443 1915 478 1978 δὲ
507 1900 608 1998 edocti
632 1913 733 2002 φα)υι
756 1909 965 1977 δυοκαίδεκα
990 1911 1041 1993 (cf.
1063 1913 1187 1996 dulium
1210 1911 1287 1978 an-

163 2052 270 2098 sarem
289 2051 320 2116 p.
344 2031 487 2118 XII).**)

248 2153 278 2215 4.
308 2150 514 2218 Paucissimis
552 2151 691 2234 denique
720 2152 846 2237 uerbis,
878 2173 962 2236 quae
994 2153 1033 2218 de
1061 2153 1088 2217 B
1119 2158 1153 2217 et
1181 2152 1209 2217 A
1240 2151 1286 2217 di·

162 2271 266 2338 cenda
294 2278 386 2357 sunt,
415 2272 540 2338 absolvi
569 2278 719 2355 possunt:
754 2271 941 2337 brevissime
963 2273 998 2336 in
1021 2248 1130 2337 codice
1152 2272 1286 2338 Saiban·

161 2393 254 2460 tiano
290 2391 401 2458 decem
438 2391 591 2474 ancipitis
627 2391 772 2477 syllabae
805 2413 926 2476 genera
956 2398 1205 2477 enumerantur,
1251 2399 1286 2458 ut

161 2511 245 2576 nihil
275 2533 549 2595 supervacaneum
578 2515 635 2594 sit3
665 2533 771 2595 neque
797 2513 921 2576 errabit
949 2512 1007 2596 qui
1027 2511 1178 2576 similiter
1200 2511 1235 2576 in
1257 2511 1285 2579 Α

161 2631 365 2714 disputatum
393 2630 493 2696 fuisse
523 2630 585 2696 sibi
613 2631 846 2732 persuaserit.)
867 2631 986 2697 Contra
1008 2651 1091 2716 quae
1115 2652 1132 2696 e
1156 2631 1188 2712 Q
1201 2632 1285 2698 libro
1336 2661 1342 2674 r

162 2750 340 2832 derivanda
368 2771 438 2815 esse
468 2751 552 2836 dixi,
582 2752 691 2816 omnia
711 2753 760 2816 ita
781 2757 969 2833 comparata
998 2757 1091 2837 sunt,
1114 2758 1151 2816 ut
1173 2751 1285 2820 multis

162 2870 353 2953 ambagibus
382 2877 413 2936 et
441 2870 575 2954 puerilis
604 2870 771 2935 doctrinae
800 2869 873 2936 fusa
902 2870 1104 2954 expositione
1126 2893 1284 2956 gramma-

228 3125 252 3192 *)
271 3125 349 3180 Idem
367 3125 525 3180 mendorum
543 3143 596 3178 non
615 3125 833 3194 corrigendorum
843 3126 891 3180 sed
901 3126 1072 3182 celendorum
1083 3127 1201 3184 studium
1213 3128 1284 3200 apud

160 3211 313 3266 Draconem
338 3213 442 3283 saepius
466 3212 697 3265 animadvertitur:
723 3231 749 3283 p.
770 3216 786 3267 8
808 3212 922 3267 seribere
946 3215 1062 3269 debebat
1086 3219 1111 3266 οἱ
1133 3214 1186 3282 γὰρ
1209 3215 1284 3266 coroa

161 3299 227 3363 (soll.
247 3301 295 3363 τῆς
319 3301 540 3369 περισπωμένης),
571 3297 604 3356 ὡς
620 3296 699 3364 oftforo
728 3319 816 3361 οντες,
841 3303 883 3350 καὶ
906 3303 953 3358 τὰς
977 3301 1052 3368 φύσιν
1076 3303 1178 3372 μακρὰς
1197 3306 1283 3366 leucu

132 3395 135 3414 ¹
161 3385 208 3438 sed
226 3403 287 3439 cum
306 3385 447 3440 excidisset
464 3381 576 3454 μικράς,
596 3386 753 3455 corrigendo
772 3387 860 3440 effecit
877 3388 924 3447 τὰς
937 3386 1034 3456 φύσεις,
1056 3397 1085 3443 ut
1094 3388 1283 3448 dormitantem

161 3469 252 3524 fallere
271 3473 362 3542 possit.

220 3558 256 3627 **)
275 3558 386 3612 Rectius
410 3557 521 3612 sortasse
539 3557 567 3610 in
584 3556 669 3613 schol.
692 3557 782 3629 Heph.
804 3562 897 3625 114,22
917 3559 1007 3628 (Diae.
1027 3563 1116 3627 5,14)=
1153 3563 1196 3613 καὶ
1212 3565 1284 3632 πρῶ-

159 3641 205 3702 τός
228 3649 283 3696 ἐστι
306 3643 403 3713 τρόπος
425 3646 478 3695 τῶν
498 3644 546 3710 τὴν
568 3643 673 3712 μακρὰν
697 3647 732 3702 εἰς
756 3650 880 3714 βραχεῖαν
909 3645 1109 3716 καταφιρόντνιν
1137 3685 1189 3704 ...
1220 3657 1282 3704 ante

160 3734 268 3799 πρῶτος
290 3731 394 3784 addidit
417 3734 472 3782 τῶν
495 3737 543 3800 μὲν
566 3732 660 3800 τριῶν,
685 3748 745 3784 eum
768 3730 889 3786 similiter
913 3741 1094 3804 comparatum
1112 3732 1147 3786 sit
1164 3733 1237 3806 quod
1253 3734 1280 3788 in

159 3817 241 3871 schol.
265 3817 348 3874 Dion.
367 3821 461 3884 828,31
481 3825 582 3882 exstat3
607 3817 654 3870 sed
677 3821 757 3886 τριῶν
780 3835 934 3888 perversum
956 3827 1010 3884 est,
1040 3819 1165 3890 quoniam
1188 3818 1282 3890 τρόποι

160 3905 206 3970 τὴν
222 3903 326 3972 μακρὰν
343 3907 379 3962 εἰς
396 3909 525 3972 βραχεῖαν
550 3908 740 3972 καταφέροντες
758 3921 810 3956 non
828 3911 880 3958 tres
898 3905 967 3969 sint,
986 3904 1033 3959 sed
1051 3905 1123 3959 duo:
1143 3905 1176 3959 es.
1195 3907 1279 3982 schol.
1333 3933 1336 3942 ¹

162 3994 262 4056 114,16.
301 3989 362 4043 Ηοο
386 3993 514 4044 adnotare
539 3997 645 4062 poterat
666 3990 753 4045 Julius
776 3991 890 4055 Caesar,
915 3989 957 4042 cui
980 4008 1066 4062 nsque
1085 3990 1204 4057 ,minoris
1222 4009 1280 4046 esse

162 4076 298 4132 momenti‘
316 4075 417 4130 scholia
433 4065 461 4128 B‘
476 4094 562 4148 neque
583 4077 707 4143 ‚minores
725 4077 799 4130 labes
817 4077 959 4148 accepisse‘
978 4083 1015 4148 (p.
1036 4076 1102 4144 XII)
1120 4080 1244 4133 concedo.
