3002 4614
447 311 536 328 .,
660 301 871 398 42„

204 471 460 557 Hamburgensis
486 470 640 556 retinuit,
669 471 704 536 in
731 470 947 570 Neapohtano
976 471 1155 538 miserrime
1183 463 1333 538 eversum

204 612 275 656 esse
303 596 412 676 patet,
441 597 479 656 ut
500 590 583 656 nihil
610 589 677 656 lere
698 612 757 656 suo
779 591 850 657 loco
872 589 1017 700 legatur,
1047 590 1158 658 omnia
1187 592 1274 657 inter
1296 612 1334 658 se

204 710 339 776 confusa
360 709 616 794 fragmentorum
637 709 752 776 rudem
772 709 891 776 molem
911 709 1108 795 praebeant,
1136 732 1154 776 e
1176 732 1243 795 qua
1262 712 1333 796 pri·

97 859 101 864 ·
205 831 308 898 stiuos
330 828 431 896 libros
450 835 624 896 conterere
646 830 710 896 uisi
732 829 806 896 aliie
821 830 1046 896 instrumentis
1060 817 1218 896 adhibitis
1234 851 1332 898 nemo

228 951 319 1016 ossit.

204 969 226 1033 p
290 1068 384 1148 Quod
405 1069 558 1152 quoniam
581 1074 721 1152 constat,
750 1091 809 1153 per
831 1091 865 1136 se
884 1069 951 1134 iam
973 1069 1176 1155 perspicitur,
1204 1090 1334 1136 summa

83 1258 89 1279 k
204 1188 240 1254 in
266 1189 463 1286 ¹scriptorum
491 1188 676 1256 nominibus
698 1190 850 1256 cautione
872 1209 953 1274 opus
976 1211 1057 1275 esse,
1085 1212 1127 1256 ne
1147 1191 1181 1255 in
1204 1209 1333 1256 errares

204 1308 421 1383 incurramus;
447 1329 523 1376 nam
552 1309 687 1394 singulis
716 1309 914 1376 scholiorum
941 1308 1090 1375 frustulis
1116 1309 1173 1375 ubi
1198 1310 1334 1375 nomina

205 1429 357 1512 apposita
377 1429 532 1512 uidemus,
556 1448 683 1512 semper
704 1428 772 1494 fere
793 1436 879 1496 recte
901 1428 1049 1514 apposita
1070 1433 1163 1494 suut:
1199 1435 1233 1495 at
1254 1450 1332 1496 rere

204 1549 376 1632 permultis
404 1547 530 1622 nullum
558 1548 759 1638 adscriptum
787 1554 838 1614 cst
859 1569 993 1633 nomen,
1014 1553 1053 1613 ut
1074 1549 1102 1614 si
1123 1547 1152 1613 A
1173 1549 1255 1614 11Β
1278 1549 1332 1616 lic

204 1668 285 1734 teris
307 1669 396 1750 ipsos
419 1673 578 1752 auctores,
601 1688 621 1732 a
643 1674 676 1733 et
697 1667 845 1734 bootem
859 1667 961 1734 libros
976 1689 1087 1734 eorum
1101 1665 1333 1753 significemus,

204 1787 305 1853 talem
327 1785 394 1853 fere
417 1785 540 1852 soboba
562 1787 702 1871 speciem
723 1787 880 1854 habeantr

637 1906 679 1972 A:
702 1907 766 1976 ab
788 1907 809 1971 b
831 1927 852 1972 a
874 1911 893 1974 b

639 2025 895 2094 &babae

206 2145 300 2213 Unde
331 2145 392 2213 hoc
414 2152 491 2212 aute
513 2146 624 2214 omnia
644 2147 840 2212 monendum
867 2149 932 2229 est,
962 2165 1004 2211 111
1034 2166 1073 2212 ea
1093 2165 1179 2231 quae
1199 2145 1333 2230 singula

206 2239 338 2333 uomina
367 2273 521 2332 secuntur
549 2272 668 2332 cuncta
699 2265 741 2332 ab
773 2287 837 2333 uno
873 2265 1023 2363 profecta
1051 2287 1121 2332 esse
1151 2264 1333 2334 arbitreris

206 2387 341 2452 Accedit
362 2375 451 2470 quod
470 2386 675 2471 paucissimis
697 2387 776 2452 locis
798 2388 871 2471 ipsa
893 2388 1025 2454 nomina
1048 2408 1069 2454 a
1090 2385 1225 2451 scholiis
1241 2392 1333 2452 autc·

206 2506 395 2574 cedentibus
419 2507 460 2570 ad
482 2507 689 2589 insequentia
711 2514 745 2572 et
766 2508 834 2572 vice
858 2526 953 2570 versa
974 2505 1221 2594 aberraverunt;
1244 2505 1335 2588 quod

207 2627 235 2691 si
256 2647 423 2710 nunquam
452 2626 575 2692 factum
603 2633 702 2711 esset,
731 2625 885 2694 librarios
913 2647 968 2690 ees
996 2625 1096 2691 fuisse
1125 2645 1334 2716 cognoscere·

207 2767 289 2829 mue,
311 2746 368 2829 qui
390 2745 454 2812 illis
477 2746 608 2829 quidem
630 2746 768 2813 saeculis
789 2765 951 2828 nusquam
973 2745 1157 2812 exstabant.

292 2865 382 2930 Haeo
412 2865 654 2948 praemonenda
688 2872 795 2942 erant;
830 2865 949 2949 quibus
983 2867 1012 2931 si
1047 2865 1123 2949 quis
1153 2863 1334 2949 prudenter

208 3006 286 3052 usus
316 2987 394 3070 eris,
423 2985 649 3069 gravissimam
679 2987 709 3050 ei
738 2987 781 3052 ad
807 2984 1009 3086 scholiorum,
1031 2985 1185 3069 originem
1206 2985 1333 3070 perspi-

207 3105 354 3172 ciendam
382 3103 621 3188 Neapolitanus
650 3126 746 3190 opem
774 3104 898 3170 afferet.
949 3104 1048 3170 Cuius
1076 3103 1172 3170 nobis
1199 3110 1334 3188 praeter

206 3225 444 3309 Melampodem
470 3227 665 3310 praecipuus
695 3223 821 3290 fructus
842 3224 871 3289 is
901 3245 971 3290 esse
991 3224 1136 3308 videtur,
1165 3224 1254 3306 quod
1275 3243 1344 3307 per.

207 3365 317 3411 omnes
347 3368 403 3412 sex
431 3346 674 3430 paragraphos‚
705 3365 844 3426 quarum
870 3349 1058 3412 accuratam
1081 3344 1333 3429 descriptionem

207 3463 453 3559 Wachsmuthio
469 3464 633 3543 debemus,
656 3465 796 3529 alterum
817 3464 920 3549 illum,
941 3485 1039 3547 quem
1060 3484 1081 3528 a
1102 3464 1218 3530 ceteris
1240 3484 1333 3548 sepa·

207 3586 276 3650 rari
314 3604 409 3668 posse
444 3585 600 3670 vidimus,
638 3561 974 3649 commentarium
1014 3583 1217 3668 Stephani
1251 3603 1333 3666 esse,
1364 3561 1374 3572 ⁵

207 3703 284 3770 inde
306 3705 419 3770 clucet.
463 3704 553 3770 Idem
575 3725 648 3770 cum
670 3704 710 3769 de
733 3701 784 3792 ἐξ
800 3703 895 3768 tots
918 3703 1018 3776 etiam
1040 3725 1080 3768 ex
1093 3702 1334 3786 Hamburgensi

208 3821 390 3906 doceamur,
412 3825 466 3890 rix
488 3825 641 3908 cuiquam
663 3824 819 3890 audacius
841 3820 1013 3908 uidebitur,
1036 3823 1063 3888 si
1086 3821 1173 3905 quod
1196 3823 1235 3888 de
1257 3827 1333 3887 octo

207 3943 425 4029 paragraphis
447 3950 586 4029 constat,
615 3945 714 4010 etiam
736 3943 775 4008 de
798 3942 930 4028 caterio,
958 3948 995 4008 ut
1018 3942 1180 4008 simillime
1203 3961 1333 4027 compa·

207 4063 300 4149 ratis,
322 4063 496 4130 verisimile
518 4085 587 4148 esse
609 4085 786 4132 censemur.
