3002 4614
641 311 869 411 -ts-'

184 525 276 604 geret
305 518 435 603 quidem
457 518 507 583 vel
529 518 612 596 tales
635 516 812 602 exhiberet,
840 524 878 583 ut
899 517 972 602 ipsa
993 517 1200 601 incunabula,
1222 519 1311 583 unde

184 639 332 724 profecta
353 639 485 704 illorum
508 639 654 704 doctrina
675 638 834 722 paulatim
848 639 1049 703 incrementa
1060 639 1193 722 ceperit,
1217 639 1312 721 quasi

185 759 285 824 oculis
307 759 482 824 videamus.

268 878 337 943 Iam
359 899 434 942 vero
461 876 564 943 tribus
587 875 650 941 illis
673 883 806 959 quartus
830 875 963 940 accedat
985 875 1182 958 Hephaestio
1205 878 1312 942 metri-

187 1017 378 1081 cussquem
400 1017 439 1061 ea
460 1017 527 1080 qua
548 996 758 1085 Apollonium
780 995 918 1060 maxime
941 996 1066 1061 ratione
1089 994 1237 1081 Dionysii
1259 995 1310 1060 de·

185 1117 350 1183 finitiones
372 1118 407 1182 in
436 1138 530 1181 suum
558 1138 653 1181 usum
683 1116 878 1182 convertisse
900 1114 1062 1200 videmus,
1094 1114 1151 1180 sed
1169 1121 1208 1180 ut
1230 1135 1315 1198 quae

186 1237 249 1302 sibi
270 1236 321 1320 vel
342 1235 565 1321 neglegentius
589 1253 742 1318 expressa
763 1234 814 1300 vel
843 1255 909 1300 non
940 1235 1106 1300 subtiliter
1128 1235 1316 1318 excogitata

188 1356 385 1442 viderentur,
407 1355 582 1442 prudenter
605 1353 794 1420 emendaret
815 1361 848 1426 et
869 1355 1055 1438 perpoliret.
1161 1414 1163 1424 ,

270 1477 317 1540 Ασ
338 1478 478 1560 primum
500 1476 631 1540 brevem
653 1474 811 1559 syllabam
831 1474 1005 1560 Dionysius
1037 1477 1083 1540 sio
1106 1474 1312 1540 definiverat:

186 1593 338 1682 Βραχεῖοι
369 1593 517 1682 συλλαβή
554 1590 682 1676 γίνεται
719 1593 806 1658 κατὰ
843 1591 983 1680 τρόπους
1012 1593 1089 1676 delo,
1117 1592 1198 1673 ἤτοι
1230 1588 1316 1660 ὅταν

89 1723 92 1728 “
187 1711 244 1806 ἔχῃ
269 1706 307 1780 ἕν
329 1737 360 1778 τι
382 1717 447 1778 τῶν
468 1713 567 1800 φύσει
587 1712 751 1800 βραχέων,
780 1701 853 1778 οἷον
875 1714 1015 1802 βρέφος,
1029 1707 1068 1791 ,ἢ
1090 1709 1173 1778 ὅταν
1195 1709 1253 1804 ἔχῃ
1277 1710 1316 1778 ἕν

188 1857 220 1898 τι
244 1837 306 1899 των
329 1831 491 1919 διχρόνων
515 1830 605 1896 κατὰ
634 1831 805 1909 συστολὴν
833 1831 1211 1917 παραλαμβανόμενον,
1240 1821 1317 1898 οἷον

96 1981 98 1986 ·
178 1952 286 2038 Ἄρης.
330 1953 392 2018 Sed
421 1952 506 2018 obici
527 1959 657 2037 poterat
677 1953 817 2034 primum
839 1973 903 2017 non
934 1971 1044 2018 omnes
1075 1973 1158 2036 quae
1184 1951 1315 2017 brevem

188 2072 332 2139 vocalem
354 2072 557 2137 continerent
579 2071 722 2156 syllabas
750 2071 823 2136 ideo
839 2072 964 2137 ‘breves
986 2093 1071 2158 esse,
1094 2071 1316 2157 sed'primum

189 2193 314 2260 duabus
343 2192 594 2257 consonantibus
623 2190 836 2275 sequentibus
863 2192 1005 2258 vocalem
1028 2199 1084 2256 aut
1104 2194 1235 2276 longam
1257 2196 1317 2256 aut

188 2313 364 2398 ancipitem
386 2307 467 2395 fieri,
490 2317 561 2375 tum
581 2331 657 2376 vero
674 2311 829 2393 exipsius
846 2310 996 2376 doctrina
1011 2310 1170 2396 syllabam
1184 2310 1315 2376 brevem

188 2431 390 2514 eandemque
411 2429 540 2495 finalem
562 2431 727 2495 interdum
751 2431 925 2514 ancipitem
941 2451 1020 2496 esse.
1058 2430 1152 2516 Quod
1166 2431 1315 2517 Hephae

189 2551 339 2618 stlocum
360 2549 505 2633 vidisset,
523 2551 603 2615 satis
618 2570 684 2615 non
701 2549 815 2616 habuit
826 2551 974 2636 Dionysii
995 2549 1214 2616 definitionem
1235 2571 1315 2635 pau·

189 2671 324 2736 cissimis
347 2669 610 2752 comprehensam
633 2674 780 2752 repetere
803 2690 834 2753 p.
858 2672 888 2754 3,
910 2669 931 2733 5
953 2669 1002 2734 ed.
1025 2669 1152 2736 Westl.:
1173 2669 1316 2758 βραχεῖά

189 2789 260 2855 ἐστι
281 2787 436 2886 συλλαβή
461 2785 480 2867 ἡ
505 2786 625 2874 ἔχουσα
646 2783 750 2875 βραχύ
771 2790 905 2874 φωνῆεν
926 2783 949 2867 ἢ
968 2788 1231 2877 βραχυνόμενονς
1258 2790 1316 2856 sed

188 2931 230 2976 ne
252 2911 287 2974 a
309 2928 450 2972 errorem
473 2893 641 2993 inuideret,
656 2909 798 2991 primum
820 2909 960 2975 adeius:
982 2907 1028 2992 μή
1052 2909 1107 2972 aa
1130 2909 1243 2985 πνους
1265 2910 1315 2973 ω.

190 3027 284 3114 ξυως,
316 3035 384 3094 tum
414 3001 518 3100 οὕτως
546 3024 587 3102 ὡς
614 3026 661 3110 μή
693 3015 780 3092 εἶναι
807 3023 935 3111 μεταξύ
965 3027 1086 3094 τούτου
1116 3029 1174 3094 τοῦ
1201 3027 1316 3118 φωνή·

179 3171 284 3227 ιεντος
313 3147 371 3212 καὶ
402 3147 461 3212 τοῦ
490 3145 525 3212 ἐν
554 3147 592 3237 τῇ
621 3142 692 3224 ἑξῆς
720 3145 869 3236 συλλαβῇ
891 3146 1060 3235 σύμφωνα
1082 3146 1223 3214 πλείονα
1245 3145 1316 3224 ἑνός

190 3265 313 3348 ἁπλοῦ,
336 3263 411 3331 ἀλλ’
434 3263 508 3345 ἤτοι
532 3261 568 3332 ἓν
589 3262 614 3342 οἲ
634 3247 719 3348 μηδὲ
743 3261 789 3331 ἕν.

276 3387 433 3454 Similiter
455 3388 489 3452 in
512 3386 637 3472 syllaba
665 3387 764 3471 longa
792 3387 873 3470 egit*
908 3386 1052 3454 Primum
1081 3390 1167 3454 onim
1195 3389 1314 3475 Diony·

191 3507 276 3572 sium
298 3514 424 3573 secutus
446 3508 577 3590 longam
592 3526 661 3571 esse
676 3513 793 3572 natura
807 3505 975 3592 syllabam,
999 3525 1083 3591 quae
1098 3514 1156 3574 aut
1171 3509 1315 3574 vocalem

191 3632 312 3692 natura
346 3627 477 3710 longam
506 3625 625 3692 habeat
662 3632 718 3691 aut
752 3627 926 3710 ancipitem
961 3648 1022 3711 pro
1048 3630 1146 3712 longa
1172 3630 1316 3714 positam

191 3751 250 3811 aut
282 3744 526 3834 diphthongum
563 3745 714 3830 exponit3
761 3752 831 3812 tum
867 3747 978 3812 eodem
1018 3750 1200 3813 sententiae
1237 3769 1315 3814 suae

190 3865 369 3932 firmandae
401 3865 506 3932 studio
534 3865 615 3930 haec
645 3865 735 3931 addit
754 3885 784 3948 p.
808 3865 895 3952 3,12:
932 3857 1038 3943 οότως
1067 3865 1109 3942 ὠς
1137 3863 1207 3948 ἑξῆς
1228 3857 1316 3933 εἶναι

191 3983 371 4073 σύμφωνον
404 3982 479 4062 ἤτοι
515 3983 651 4050 τελικὸν
685 3984 788 4062 αὐτῆς
816 3987 877 4062 τῆς
906 3987 1071 4076 συλλαβῆς
1106 3981 1129 4066 ἢ
1158 3991 1211 4074 τῆς
1240 3983 1316 4069 ἑξῆς

193 4103 374 4192 ἁρκτικόν,
404 4092 478 4169 οἷον
506 4102 593 4182 θός,
623 4102 711 4188 θός,
742 4110 834 4192 παῖς,
865 4110 958 4182 ναῦς·
1001 4105 1038 4171 εἰ
1068 4111 1112 4176 δὲ
1138 4107 1209 4194 μή,
1238 4108 1314 4174 οὐκ
