3002 4614
503 370 829 436 ,·-65-··

154 540 314 627 produnt,
342 539 383 606 de
405 561 469 624 quo
490 539 601 607 multa
618 560 717 625 supra
739 540 879 608 diximus
914 543 1071 612 nonnulla
1102 539 1190 610 infra
1212 541 1280 610 adi-

156 662 287 728 oiemus.

241 781 270 846 3.
286 779 399 867 Sobel.
422 780 701 866 Heph.115‚2-7
724 781 867 848 breviter
887 781 975 848 idem
996 781 1170 866 exponitur
1193 781 1282 866 quod

156 899 227 966 fuse
256 901 291 966 in
319 900 495 966 Anecdotis
524 900 796 987 829,16-830,2,
824 906 862 968 ut
891 900 1029 968 ermdem
1058 922 1154 985 quem
1182 923 1281 988 supra

155 1019 410 1108 interpolantem
445 1041 613 1105 agnoscas,
661 1007 992 1088 Animadvertendum
1025 1027 1196 1108 praeterea
1231 1027 1282 1088 est

156 1138 305 1224 Dionysii
316 1141 527 1225 interpretem
537 1140 585 1207 uti
598 1139 762 1208 vocabulis
769 1141 1038 1225 Hephaestioneis
1051 1148 1084 1208 et
1094 1143 1164 1208 vice
1174 1162 1283 1225 τοττι,

156 1281 233 1326 narn
268 1255 352 1325 ὅταν
385 1259 583 1348 ἐπιφέρηται
620 1260 683 1326 δύο
716 1257 879 1349 σύμφωνα
910 1261 946 1326 ἐκ
978 1262 1036 1340 τῆς
1064 1260 1284 1351 ἐπερχομένης
1401 1323 1404 1330 .

156 1381 292 1465 propius
315 1381 358 1448 ad
381 1381 554 1447 enchiridii
575 1401 674 1465 quam
696 1381 927 1465 grammaticae
948 1381 1168 1468 Dionysianae
1197 1381 1283 1448 sirni-

8 1561 12 1568 .
98 1507 101 1520 “
157 1499 329 1566 litudinem
359 1501 532 1568 accedunt:
558 1500 602 1566 cs.
625 1500 716 1566 ench.
742 1501 829 1586 7,14:
866 1500 1069 1590 ἐπιφέρηται
1090 1499 1125 1566 έν
1150 1501 1188 1592 τῇ
1211 1496 1283 1580 ἑξῆς

157 1620 305 1712 συλλαβῇ
333 1618 497 1710 σύμφωνα
528 1619 597 1688 δύο.
641 1620 734 1698 Quod
756 1627 871 1689 contra
894 1621 1114 1705 Dion1633‚nr
1138 1621 1282 1688 dixerat:
1358 1649 1360 1657 ν

156 1739 358 1828 ἐπιφέρηται
387 1739 447 1806 δύο
470 1739 644 1828 σύμφωνα,
673 1731 718 1807 ὧν
740 1741 780 1804 τὸ
808 1745 868 1824 μέν
890 1740 1043 1830 διύτιρον
1065 1736 1284 1831 ἀμετάβολον,

157 1860 205 1924 τὸ
236 1863 279 1926 δέ
318 1857 562 1944 ἡγούμενον
597 1858 703 1924 καθ’
735 1855 778 1926 ἓν
815 1853 986 1946 ἄφωνον
1023 1859 1155 1947 ἐστιν,
1196 1861 1284 1946 quod

156 1979 306 2046 imitatur
331 1981 482 2048 metricus
506 1979 599 2064 linc
629 1980 667 2045 τὸ
695 1985 756 2064 μὲν
784 1979 940 2070 δεύτερον
967 1978 1206 2066 ἀμετάβολον,
1237 1981 1283 2046 τὸ

158 2101 200 2164 δέ
237 2095 471 2185 ηχούμινον
508 2097 552 2166 ἓν
581 2101 657 2165 τῶν
680 2098 863 2187 α’φώνων,
897 2105 935 2166 ut
956 2101 1089 2184 utrique
1110 2102 1284 2186 interpreti

156 2218 302 2286 libellum
324 2226 499 2304 utrumque
522 2225 636 2286 notum
657 2219 757 2286 fuisse
779 2241 965 2306 cognoscas.

241 2340 272 2403 4.
295 2337 360 2406 Sed
379 2340 458 2423 quid
482 2340 641 2407 detentio
664 2360 782 2426 genere
805 2341 972 2406 dicamus?
1010 2341 1108 2406 Estne
1130 2339 1283 2408 credibile

159 2459 410 2543 Hephaestionis
441 2461 653 2544 interpretem
680 2481 747 2526 non
767 2459 1041 2546 Hephaestionem
1070 2461 1283 2548 interpretari

159 2578 216 2644 sed
243 2579 454 2666 Dionysium,
498 2581 589 2646 ouius
624 2580 841 2646 definitionem
871 2581 926 2647 ille
962 2580 1146 2646 subtilitate
1181 2581 1281 2646 multo

158 2705 385 2786 superaverat,
417 2698 471 2779 (de
501 2721 566 2784 qua
594 2721 630 2766 re
659 2701 764 2788 dicam
783 2699 819 2765 in
840 2700 1047 2788 Epimetro)?
1090 2701 1160 2766 Hoc
1181 2702 1282 2768 West-

158 2818 296 2884 fahlium
332 2819 372 2886 de
407 2819 520 2886 eadem
553 2841 588 2886 re
619 2820 840 2904 disputantem
867 2821 903 2885 in
931 2819 1027 2886 Metr.
1051 2820 1105 2886 Gr.
1128 2819 1145 2886 Ι
1166 2821 1197 2906 ρζ
1221 2821 1282 2887 199

159 2941 296 3038 prorsus
316 2939 439 3024 fugisse
468 2961 534 3005 non
562 2960 696 3025 possum
717 2961 783 3006 non
804 2940 927 3006 mirari.
970 2938 1173 3026 Hephaestio
1197 2932 1282 3006 enirn
1322 2999 1323 3002 ,

159 3060 292 3124 tertiam
337 3059 516 3146 ancipitem
552 3059 598 3125 sic
634 3061 851 3145 descripserat
887 3081 919 3143 p.
942 3061 1032 3146 9,14;
1092 3057 1209 3147 Τρίτος
1245 3059 1282 3124 δέ

159 3177 230 3244 ἐστι
260 3177 403 3266 τρόπος,
431 3175 517 3246 ὅταν
545 3182 684 3267 βραχεῖα
713 3179 867 3264 συλλαβή
900 3177 1014 3258 τιλιιιη
1038 3175 1154 3258 λέξιως
1175 3169 1206 3270 ᾖ,
1234 3179 1281 3258 μη

159 3297 407 3388 ἐπιφερομένων
437 3303 500 3364 των
522 3301 581 3375 τῆς
603 3297 702 3362 dioec
721 3301 856 3384 μακρὰς
884 3302 1064 3379 ποιητικῶν
1086 3300 1283 3386 συμφώνων,

160 3413 237 3498 ἀλλ’
259 3414 335 3496 ἤτοι
362 3417 434 3494 inde
464 3413 488 3498 ιῖ
515 3418 677 3504 μηδινός,·
713 3418 888 3506 Dionysius
916 3425 1027 3486 autem
1048 3425 1082 3484 et
1103 3419 1283 3505 simphcius

160 3543 193 3602 et
215 3536 329 3604 falsius
353 3540 483 3623 coepe:
529 3533 550 3620 ἢ
580 3533 664 3604 ὅταν
691 3539 835 3624 βραχεῖα
865 3523 951 3604 οὖσα
981 3543 1211 3624 κοιαπιριιιοῑ
1237 3533 1284 3616 εἰς

158 3657 259 3742 μέρος
290 3660 396 3741 λογον
426 3660 483 3722 καὶ
509 3659 571 3740 την
601 3654 672 3738 ἑξῆς
694 3656 753 3748 ἔχη
781 3656 850 3724 άπὸ
872 3656 1065 3744 φωνήεντος
1086 3656 1285 3746 ἀρχομένην,

160 3778 249 3862 quod
263 3779 298 3844 in
312 3778 444 3846 scholiis
458 3803 489 3864 p.
505 3780 620 3865 821,26
634 3760 848 3862 ritnperatur.
882 3780 952 3844 lam
973 3799 1048 3846 vero
1070 3781 1285 3847 animadverti

158 3899 272 3985 velim,
295 3899 375 3984 quid
396 3897 649 3984 Hephaestionis
671 3898 848 3964 scholiasta
868 3896 1025 3984 praebeat
1048 3899 1157 3984 nep:
1200 3891 1284 3967 ὅταν

160 4019 303 4106 βραχεῖα
331 4006 417 4086 οὖσα
449 4022 676 4108 καταπιριιιοῖ
698 4017 745 4096 εἰς
773 4020 874 4106 μέρος
895 4017 1016 4105 λόγον,
1046 4021 1102 4083 καὶ
1125 4019 1189 4098 την
1210 4018 1286 4099 έξης
1380 3995 1385 4004 „

163 4135 221 4230 ἔχη
243 4139 310 4206 ἀπὸ
331 4137 525 4228 φωνήεντος
547 4137 749 4229 ἀρχομένην,
777 4145 816 4206 ut
837 4140 906 4206 eius
930 4161 1025 4224 quem
1047 4139 1285 4206 commentariis
1389 4135 1392 4142 ’

1068 4247 1084 4296 5
