3002 4614
520 250 854 365 ..4-

201 459 296 525 rebus
318 481 552 544 nonnunquam
574 463 620 528 ita
640 461 813 544 iudicaret,
836 469 874 528 ut
896 463 1044 530 assentiri
1067 487 1239 550 nequeam,
1261 467 1318 532 sed

202 580 297 644 etiam
318 581 476 646 nonuutla
497 582 671 665 proterret,
702 601 786 664 quae
809 584 843 646 in
861 584 974 684 podiae
997 605 1061 649 non
1084 592 1219 652 exstant.
1263 587 1319 651 At·

201 719 264 780 que
292 719 417 764 errores
447 701 515 764 eius
542 703 607 766 suis
638 701 716 767 loeis
745 702 894 778 afferam3
925 703 964 766 de
994 703 1057 770 illis
1080 710 1204 789 autem,
1235 727 1318 789 quae

202 817 307 882 obiter
329 818 510 902 inspioienti
533 820 632 885 dubia
653 822 837 904 videantur,
859 843 945 887 nuno
968 823 1199 907 disputandum
1221 831 1276 890 est.

286 937 352 1002 Fae
368 939 623 1005 exstitisse'olim
646 941 742 1006 unius
764 942 986 1024 commentarii
1007 911 1116 1027 capita
1136 943 1216 1007 haec
1238 966 1267 1010 a.
1290 941 1319 1008 b.

183 1077 220 1119 e
241 1056 310 1140 de,
334 1057 464 1149 alterius
487 1063 596 1122 autem
620 1061 749 1124 tertium
774 1085 794 1141 y
816 1062 935 1144 prioris
950 1060 1046 1126 tertio
1062 1063 1108 1126 sie
1121 1063 1319 1146 adscriptum

13 1245 15 1248 .
79 1257 81 1262 Ι
202 1175 318 1260 fuisse,
346 1181 385 1241 ut
406 1175 618 1242 intercederet
641 1179 699 1242 καὶ
721 1174 838 1253 ἄλλως.
882 1179 1066 1264 Legebatur
1092 1182 1192 1265 igitur
1214 1187 1247 1246 in
1270 1203 1320 1248 eo-

203 1295 272 1360 dice
301 1297 483 1378 antiquiore
513 1317 540 1361 a.
562 1297 593 1360 b.
608 1319 634 1361 e
657 1298 715 1360 καὶ
737 1293 845 1372 ἄλλως
866 1325 895 1383 y.
920 1299 951 1364 d.
977 1320 1002 1364 e.
1047 1301 1165 1365 Postea
1193 1301 1321 1367 librarii

202 1435 274 1478 oum
297 1435 317 1478 a
338 1415 443 1480 uerbis
467 1437 550 1498 quae
573 1424 649 1481 sunt
673 1417 727 1480 καὶ
750 1412 863 1493 ἄλλως
884 1421 1013 1504 saepius
1036 1441 1134 1486 novos
1149 1423 1319 1485 continuos

202 1535 446 1600 commentarios
474 1537 616 1620 incipere
639 1538 960 1622 animadvertissent,
992 1539 1038 1604 sio
1060 1545 1235 1622 praecepta
1257 1540 1319 1603 sin·
1406 1589 1409 1596 ,

201 1635 559 1737 gula·³dispeeeuerunt:
645 1643 647 1648 ’

544 1753 546 1758 ,
699 1799 728 1842 a.
750 1777 780 1842 b.
804 1799 829 1842 o.
942 1827 944 1832 .

593 1895 651 1957 καὶ
673 1893 784 1970 ἄλλως
805 1920 833 1978 y.
857 1895 887 1960 d.
910 1917 936 1961 e.

200 2014 349 2096 Denique
380 2014 438 2076 καὶ
467 2010 578 2089 ἄλλως
613 2016 706 2097 quasi
733 2015 851 2080 titulus
880 2017 1014 2098 quidam
1046 2016 1166 2081 litteris
1195 2015 1321 2099 magnis
1396 2023 1399 2027 '

202 2133 299 2196 atteri
328 2134 428 2216 oapiti
450 2134 543 2216 eique
565 2134 682 2200 fiotioio
712 2135 936 2218 praepositum
965 2140 1032 2219 est,
1062 2140 1100 2200 ut
1122 2136 1156 2202 in
1179 2153 1321 2199 errorem

201 2251 343 2336 ineidat,
384 2253 440 2335 qui
478 2252 593 2318 leviter
623 2253 742 2319 librum
776 2255 938 2338 inspiciat.
989 2255 1177 2320 Aoouratius
1212 2258 1320 2318 autem

201 2371 360 2439 tractanti
388 2371 537 2453 plurimis
567 2373 646 2438 loeis
676 2373 809 2438 dubium
839 2393 909 2438 esse
939 2373 1070 2455 nequit,
1102 2385 1197 2456 quae·
1215 2373 1319 2438 seiun-

203 2490 309 2575 genda
330 2511 478 2574 quaeque
500 2491 723 2576 componenda
744 2493 819 2575 sint.

661 2595 677 2652 ι
750 2627 753 2636 ,

696 2782 802 2892 μ.

213 3039 217 3052 ,
288 2969 490 3053 Paragraphi
519 2969 677 3051 primae
706 2969 741 3033 in
770 2970 1024 3054 Hamburgeneis
1053 2971 1168 3053 p.'101
1192 2969 1322 3034 initium

203 3090 344 3172 faciunt,
375 3107 459 3171 quae
487 3087 575 3171 apud
601 3089 786 3154 Bekkerum
815 3089 951 3173 legimus
981 3111 1013 3172 p.
1037 3063 1321 3173 730,5-731‚‘24;

204 3209 403 3294 733‚13-22
425 3229 524 3291 supra
546 3208 664 3292 scripto
686 3208 785 3273 titulo
809 3209 884 3292 περὶ
905 3209 1143 3297 γραμματικῆς
1150 3229 1162 3289 ,·
1182 3207 1322 3307 inmar-

202 3329 278 3412 gine
311 3334 421 3394 autem
456 3332 571 3409 postea
606 3327 690 3394 alius
727 3327 894 3393 adnotavit
922 3350 1033 3412 ,supra
1060 3351 1091 3412 p.
1113 3325 1155 3391 59
1184 3325 1321 3391 Choara·
1378 3397 1382 3406 ,

202 3449 299 3514 bosco
341 3446 560 3530 subiungitur‘
599 3445 629 3510 h.
659 3467 685 3510 e.
720 3445 935 3521 Choerobosci
954 3445 1198 3538 disputationi,
1237 3467 1322 3529 quae

203 3568 237 3632 in
268 3565 385 3630 Aneod.
415 3571 522 3632 exstat
551 3589 582 3650 p.
606 3565 797 3630 703-708.
824 3575 826 3582 '
854 3555 959 3642 Quam‘¹
992 3566 1069 3631 lieet
1105 3565 1321 3631 Choerobosoi
1348 3611 1349 3616 η

203 3707 268 3751 non
298 3705 367 3750 esse
400 3686 466 3750 sint
493 3705 576 3768 quae
605 3685 763 3769 indieent,
799 3683 838 3750 de
867 3705 933 3766 qua
961 3705 996 3750 re
1025 3683 1105 3749 alias
1137 3684 1321 3768 disputabo,

203 3811 311 3870 tamen
342 3805 375 3868 in
402 3805 469 3868 cod.
493 3827 523 3889 p.
546 3805 588 3870 59
616 3803 830 3867 verba-haec:
864 3827 895 3888 p.
919 3804 1010 3887 730,1
1048 3802 1119 3868 Τῶν
1148 3806 1183 3871 δὲ
1211 3825 1321 3888 τεχνο-

203 3917 346 4008 γρᾶφων
365 3959 399 3970 -
414 3946 445 4007 p.
458 3924 569 4008 730‚11
594 3919 689 4011 φωνή
712 3919 851 4006 ὑπάρχει
872 3922 920 3988 illi
942 3923 990 3988 ita
1012 3923 1155 3990 subiecta
1166 3923 1320 4007 videmus,

202 4048 242 4107 ut
262 4041 302 4108 ab
324 4031 389 4109 uno
403 4041 552 4126 quodam
578 4049 753 4124 utrumque
782 4041 961 4126 profectum
986 4065 1056 4110 esse
1077 4042 1247 4110 verisimile
1269 4043 1320 4106 ait.
