3002 4614
657 247 869 312 ..69-

159 502 165 511 ,
198 408 378 503 gata'erit,
407 417 547 484 alterum
569 405 732 502 quendam
761 407 838 484 ante
861 416 1120 484 Ohoeroboscum
1143 417 1243 486 fuisse
1265 418 1322 485 ho·

142 553 151 566 *
197 530 332 622 minem,
366 537 424 622 qui
452 537 590 602 eundem
618 529 779 622 duplicem
809 538 954 604 laborem
976 538 1039 604 sibi
1061 545 1221 625 sumeret,
1250 562 1321 626 per·

198 651 387 740 sp'iciemus}
409 677 515 740 neque
537 659 693 723 tenaciter
714 663 785 723 tum
806 658 956 742 equidem
976 645 1197 724 coniecturam
1218 681 1322 726 meam

198 775 379 843 defendam.
407 775 488 844 Sed
507 777 570 843 hoo
593 777 694 843 donee
716 777 839 844 factum
860 779 913 861 sit,
936 783 969 842 et
984 781 1078 844 caute
1093 763 1127 843 et
1146 779 1322 864 prudenter

197 915 294 981 agere
320 897 400 962 mihi
427 894 557 981 videor,
589 897 616 962 si
648 899 694 964 eis
724 899 925 982 argumentis
953 898 1058 983 nitor,
1094 919 1177 980 quae
1206 881 1322 965 nostra

197 1020 307 1082 aetate
344 1037 384 1082 cx
420 1017 507 1082 omui
544 1022 641 1102 parte
671 1018 819 1084 stabilita
848 1023 881 1082 et
918 1015 1108 1083 confirmata
1136 1001 1320 1105 videantur,

197 1135 305 1204 futura
327 1133 446 1218 futuris
467 1135 647 1204 relicturus.
1313 1119 1317 1128 ⁸

703 1426 805 1515 519.
866 1468 868 1474 -

282 1611 345 1680 Sed
374 1636 475 1681 unum
502 1615 648 1691 consulto
671 1613 736 1680 huc
756 1636 860 1699 usque
882 1618 1092 1701 praetermisi.
1135 1615 1212 1681 Dixi
1235 1617 1320 1682 enim

196 1733 237 1800 de
266 1733 490 1802 Choerohosco
521 1734 667 1836 Dionpsii
697 1741 728 1800 et
756 1734 1008 1822 Hephaestionis
1035 1737 1227 1821 interprete3
1262 1733 1351 1802 sed‘

194 1859 265 1920 toto
295 1855 401 1938 capite
430 1854 539 1938 priore
568 1855 603 1920 id
624 1855 762 1920 maxime
784 1854 1004 1921 demonstrare
1027 1855 1156 1939 studui,
1187 1857 1320 1922 Melam·

195 1967 290 2059 podis¹
314 1980 348 2039 et
376 1973 534 2058 Stephani
563 1960 629 2040 uon
658 1973 875 2040 Ohoerobosei
906 1994 976 2040 esse
1002 1977 1269 2060 commentarios,
1302 1996 1319 2040 e

195 2090 313 2177 quibus
336 2094 454 2178 omnia,
478 2113 656 2176 quaecum
679 2092 811 2159 scholiis
829 2093 1100 2178 Hephaestioneis
1123 2096 1319 2179 comparavi,

194 2213 367 2298 desumpta
396 2231 466 2279 esse
495 2213 625 2280 tabulas
645 2231 754 2306 ,supra
781 2215 907 2296 positas
935 2215 1111 2296 inspiciens
1136 2235 1318 2298 cognosces.

192 2331 278 2398 Nam
292 2303 468 2399 ‘Heliodori
489 2331 707 2416 fragmentum
729 2334 763 2397 in
785 2333 868 2398 libro
891 2330 1116 2418 Melampodis,
1139 2337 1319 2398 ceterorum

192 2449 283 2518 haud
304 2471 426 2537 pauca,
455 2451 614 2537 imprimis
636 2473 675 2518 ea
698 2473 781 2535 quae
804 2449 915 2542 §124
929 2453 1087 2538 recensui,
1110 2453 1144 2517 in
1159 2451 1319 2536 Stephani

194 2573 424 2638 commentario
446 2572 512 2656 legi
533 2571 630 2638 facile
651 2573 829 2656 intelleges.
874 2572 958 2651 Quid
979 2573 1103 2656 igitur?
1126 2541 1263 2640 Sanane
1286 2578 1319 2638 et

192 2690 322 2760 ludicra
351 2692 462 2759 omnia
490 2711 575 2775 quae
603 2693 638 2757 in
667 2693 729 2757 hoc
758 2693 866 2776 capite
894 2693 988 2777 posui
1022 2692 1189 2777 videntur,
1219 2693 1247 2758 si
1276 2692 1319 2758 ad

191 2809 277 2877 illud
297 2812 532 2898 respiciamus?
576 2811 726 2878 Minimei
748 2813 850 2877 Immo
864 2831 940 2878 vero
963 2831 1063 2878 novas
1084 2795 1318 2897 copiosaeque
1416 2892 1420 2898 ⁶

163 2938 252 2996 “eas
274 2923 474 3015 spernendas
497 2953 536 2996 ex
557 2931 621 2998 heo
642 2932 714 3015 ipsa
734 2932 907 3015 utriusque
936 2933 1050 3017 eapitis
1073 2933 1247 2998 collatione
1269 2951 1319 2996 ac·

193 3051 308 3118 cedere
330 3051 480 3118 arbitror.
794 3046 796 3052 ’

277 3171 421 3238 Primum
444 3172 529 3236 enim
551 3172 586 3236 in
607 3169 748 3237 Bekkeri
770 3171 947 3238 Anecdotis
969 3169 1138 3238 Heliodori
1160 3172 1320 3255 fragmen-

191 3299 260 3358 tum
282 3311 349 3356 non
372 3291 440 3357 tale
462 3295 608 3376 exstare,
638 3290 736 3375 quale
765 3291 1033 3357 aChoerobosee
1055 3289 1237 3374 profectum
1260 3295 1320 3374 est,

190 3411 304 3477 multis
326 3403 455 3477 indiciis
478 3385 696 3487 demonstrari
716 3415 836 3494 potest,
860 3431 943 3494 quae
965 3410 1054 3475 haud
1076 3410 1175 3476 semel
1187 3410 1222 3476 in
1236 3408 1260 3498 ξ
1275 3411 1313 3474 17

190 3531 299 3615 attigi.
342 3515 497 3597 Videmus
527 3533 612 3596 enim
639 3531 739 3597 elium
768 3531 930 3614 quendam
953 3529 1169 3596 Choerobosci
1191 3531 1316 3596 scholia

189 3651 262 3717 fuse
283 3651 447 3736 loquendo
475 3652 583 3717 omnia
611 3650 788 3736 repetendo
817 3625 934 3716 multe·
947 3631 1120 3715 inserendo
1151 3671 1189 3716 eo
1211 3625 1314 3736 usque

75 3859 81 3864 Ι
190 3771 330 3856 auxisse,
352 3777 475 3837 utnon
497 3771 592 3838 modo
614 3771 709 3855 plura
731 3769 884 3836 exhibeat
905 3791 1003 3855 quam
1025 3769 1150 3836 scholia
1167 3771 1314 3855 Hephae-

192 3891 338 3977 stionea,
377 3911 460 3976 quae
488 3891 661 3976 pristinam
689 3891 827 3957 formam
855 3891 970 3956 melius
998 3897 1223 3975 servaverunt,
1257 3891 1315 3956 sed
1345 3881 1350 3886 ’

190 4001 269 4097 ipso
284 4031 449 4096 sermone,
479 4009 519 4076 de
545 4033 610 4096 quo
632 4011 729 4097 plene
759 4011 983 4098 exposuimus,
1013 4032 1047 4078 se
1077 4009 1216 4079 eundem
1243 4029 1313 4078 esse
