3002 4614
650 269 840 348 „7¹-

188 457 366 538 praecepta
394 451 603 518 adscriberet.
647 441 753 530 Quare
781 451 852 518 fiori
882 453 1005 537 potuit,
1034 459 1072 520 ut
1099 453 1212 520 multis
1237 463 1312 540 post

187 551 281 639 annis
311 573 354 638 ad
382 594 482 638 unum
512 571 673 654 quendam
702 577 868 638 auctorem
894 570 1115 644 haecomnia
1141 571 1311 642 referenda

186 713 256 758 esse
291 693 414 776 primus
443 689 671 776 pronuntiaret
701 689 867 774 Uhligius;
904 691 1038 758 Hartius
1068 693 1206 776 denique
1238 695 1308 760 dili-

184 817 299 896 genter
333 810 508 877 Anecdotis
545 816 576 876 et
611 809 721 876 codice
735 811 744 846 ‘
757 807 844 876 iuter
877 830 911 876 se
950 811 1102 897 conlatis,
1146 833 1308 894 quaenam

184 931 312 1016 singula
347 936 521 1014 praecepta
552 930 627 994 inde
663 929 835 1012 desumpta
863 936 988 1014 esseut,
1025 931 1119 1014 plene
1148 932 1309 1018 exposuit,

184 1051 218 1116 in
240 1071 306 1134 qua
327 1069 360 1114 re
382 1050 431 1114 ita
451 1053 599 1116 versatus
624 1070 693 1116 esse
715 1048 860 1132 videtur,
892 1050 983 1116 utin
1005 1029 1051 1114 eis
1074 1071 1158 1134 quae
1179 1053 1308 1120 rettulit

184 1169 292 1237 nihil
314 1167 537 1252 corrigendum
560 1189 629 1234 esse
651 1167 761 1234 codice
783 1169 929 1252 inspecto
951 1167 1116 1252 profitear.
1159 1171 1305 1255 Uterque

185 1289 318 1355 alterius
349 1287 446 1353 huius
481 1287 587 1372 partis
618 1288 816 1374 >scriptorem
851 1308 921 1352 esse
957 1287 1214 1355 Choercboscum
1243 1290 1307 1356 sibi
1383 1257 1391 1282 Ι

186 1409 361 1492 persuasit,
382 1408 420 1473 de
443 1428 509 1490 qua
530 1428 566 1472 re
587 1407 673 1478 infra
696 1407 809 1472 dicam.

268 1526 333 1592 Sed
354 1547 395 1590 ne
409 1527 551 1609 priorem
565 1525 696 1609 quidem
710 1531 838 1609 partem
847 1526 1012 1592 Bekkerus
1028 1548 1075 1610 ea,
1092 1547 1175 1610 quae
1191 1533 1306 1624 nostra

182 1652 292 1714 aetate
314 1644 498 1712 necessarie
518 1645 669 1728 habetur,
692 1645 820 1710 curiosa
842 1645 1012 1729 diligentia
1033 1667 1219 1730 expressam
1240 1647 1306 1711 edi-

183 1766 249 1851 dit,
279 1766 337 1832 sed
362 1764 397 1830 id
426 1785 526 1840 unum
549 1769 678 1830 secutus
700 1770 834 1854 est,3ut
863 1765 1028 1832 commode
1057 1766 1146 1830 inter
1174 1785 1209 1832 se
1223 1787 1304 1844 ,cou-
1401 1755 1404 1762 ’

182 1887 294 1960 iuncta
314 1886 512 1968 legerentur,
533 1904 618 1966 quae
640 1885 683 1950 ad
704 1883 839 1950 eandem
860 1904 929 1948 rem
950 1889 1146 1966 spectarent.
1181 1884 1305 1950 Tenere

182 2025 234 2070 rue
262 2025 328 2070 non
355 2025 501 2089 possum,
533 2004 611 2086 quin
634 2001 770 2068 Prelleri
803 2003 841 2068 de
870 2003 933 2068 hac
958 2023 994 2068 re
1021 2002 1177 2069 iudicium
1198 2008 1305 2070 totum

181 2123 377 2206 adscribam,
398 2123 593 2206 praesertim
617 2144 688 2189 cum
710 2121 744 2188 id
765 2122 872 2206 ipsum
894 2142 955 2210 me,
977 2127 1015 2188 ut
1036 2122 1121 2187 hanc
1141 2125 1304 2206 quaestio

181 2265 256 2310 uem
283 2243 505 2325 instituerem,
532 2242 738 2327 permoverit.
782 2239 814 2306 Is
837 2242 923 2323 enim
952 2242 987 2306 in
1010 2239 1033 2329 ξ
1057 2242 1075 2305 7
1098 2240 1179 2308 haec
1201 2243 1300 2308 dixit:

185 2363 381 2447 ,Sequuntur
411 2361 562 2444 deinceps
591 2361 715 2428 scholio
742 2361 845 2446 ipsius
875 2363 1121 2446 grammaticae,
1155 2356 1239 2446 quae
1269 2364 1303 2429 iu

183 2481 332 2546 Menon
354 2481 403 2546 ad
426 2481 595 2564 singula
617 2480 740 2545 verba
762 2481 976 2564 applicata
998 2486 1109 2564 suut,
1131 2487 1177 2546 ut
1198 2483 1304 2566 apud

182 2599 425 2684 Bekkerum,
448 2599 519 2666 sed
541 2599 591 2665 ad
612 2599 806 2684 singulas
829 2600 1303 2686 scotioueS,suprasoriptis

181 2719 284 2786 titulis
306 2721 499 2803 sectionum,
529 2718 720 2801 plerumque
750 2719 849 2784 etiam
875 2719 1092 2804 interpretum
1119 2719 1303 2786 nominibus

181 2816 349 2938 appositis.
393 2837 560 2904 Belrlrerus
583 2859 655 2904 cum
676 2838 738 2902 hoc
759 2837 886 2902 ordine·
900 2837 1013 2904 endem
1037 2841 1190 2904 lemmata
1212 2839 1300 2904 ideu-

180 2959 280 3025 tidem
301 2959 423 3042 repeti,
452 2958 647 3040 easdemque
675 2977 727 3022 res
749 2956 884 3022 diversis
911 2957 991 3024 locis
1013 2957 1148 3024 tractari
1168 2959 1302 3041 videret,

182 3078 226 3144 ad
247 3078 425 3162 legentium
447 3099 541 3143 usum
563 3077 761 3146 commodius
783 3097 853 3142 essa
874 3082 982 3159 ratus,
1010 3077 1038 3142 si
1061 3077 1196 3143 disiecta
1218 3098 1300 3142 com·

181 3203 392 3282 ponerentur,
420 3195 582 3280 longiores
604 3197 684 3262 istos
706 3201 865 3262 tractatus
888 3183 1101 3280 interpretum
1129 3196 1302 3280 discerpsit

181 3321 215 3380 et
236 3315 416 3382 frustratim
438 3316 602 3400 apposuit,
626 3315 668 3380 ad
690 3315 975 3401 singuleDionysii
988 3315 1088 3382 verba
1109 3336 1148 3380 ex
1164 3315 1300 3381 dirersis

180 3435 381 3502 diversorum
408 3435 624 3520 interpretum
648 3434 916 3520 explicationibus
938 3438 1186 3520 coagmentans,
1214 3455 1301 3516 quae

181 3553 293 3620 eodem
323 3559 525 3638 spectarent;
552 3555 641 3637 quod
671 3575 828 3640 comper
857 3576 891 3621 se
919 3553 1076 3621 audacius
1103 3551 1224 3618 factum
1246 3555 1299 3638 sit,

180 3680 251 3740 turn
271 3673 344 3738 ideo
366 3673 618 3758 vituperandum
637 3672 774 3760 videtur,
797 3673 885 3758 quod
907 3674 1069 3740 nomina
1090 3678 1300 3740 auctorum
1379 3728 1382 3737 ,

180 3815 260 3858 ιιοιι
281 3792 364 3858 nisi
386 3793 526 3877 primis
550 3793 782 3876 quibusque
804 3792 952 3860 frustis
979 3796 1298 3861 commentario-

48 3912 54 3923 ‘
181 3933 266 3976 rum
296 3912 517 3997 apposuit,
547 3913 581 3978 in
609 3915 724 3978 ceteris
754 3915 806 3979 cui
832 3912 912 3978 haec
940 3913 975 3979 in
996 3913 1055 3980 Ms.
1078 3913 1299 3981 tribuerentur

181 4029 362 4114 significare
392 4053 526 4118 prorsus
561 4032 725 4117 neglexit!
770 4032 828 4098 Oui
864 4055 958 4102 nemo
994 4055 1059 4102 non
1091 4035 1298 4117 assentietur,
