3002 4614
640 275 856 358 -454

263 464 412 546 Denique
448 439 532 545 queo
560 485 590 547 p.
614 461 728 545 930‚31
767 462 801 526 in
831 461 1049 546 Neapolitano
1072 462 1194 544 scripte
1222 469 1305 544 sunt,

174 606 217 650 ea
239 586 274 648 in
287 583 527 666 Hamburgensi
549 602 737 664 quanquam
759 603 844 648 nuno
867 603 932 646 non
955 582 1116 674 leguntur,
1138 588 1248 647 tamen
1270 584 1305 648 in

173 727 227 788 eo,
257 725 354 786 quem
383 701 555 784 descripsit
582 701 745 783 librarius,
767 701 853 766 libro
884 701 962 766 olim
985 698 1148 766 exstitisse
1170 708 1306 786 propter

173 827 331 890 lacunam
361 821 499 888 arbitror
528 821 626 904 paulo
656 825 729 884 ente
758 821 864 902 spatio
891 820 1024 905 relicto,
1054 828 1088 884 ut
1116 818 1186 886 fieri
1214 821 1304 903 solet,

176 943 368 1008 indicatam.

266 1061 356 1126 Haeo
384 1059 494 1126 omnia
514 1059 563 1124 ita
584 1063 775 1142 comparata
803 1065 891 1141 sunt,
922 1065 959 1124 ut
988 1060 1116 1124 etiamsi
1139 1057 1306 1140 nonnulla,

177 1203 220 1247 ea
242 1187 349 1246 autem
371 1199 545 1262 perpauca,
574 1199 657 1260 quae
679 1180 714 1242 in
736 1176 951 1262 Neapolitano
974 1183 1061 1261 sunt,
1091 1180 1125 1241 in
1147 1176 1306 1242 Hembur-

177 1301 274 1386 gensi
297 1301 422 1382 deesse,
451 1299 518 1364 alia
539 1297 698 1362 nonnullo
719 1296 819 1379 paulo
840 1299 1014 1363 immutate
1036 1317 1106 1362 esse
1128 1297 1306 1380 videamus,

176 1425 219 1488 ut
248 1419 401 1486 librarios
429 1418 572 1484 diversos
603 1439 697 1482 sunm
727 1426 886 1500 quemque
917 1419 951 1482 in
981 1416 1191 1482 describendo
1221 1415 1306 1482 arbi-

176 1540 282 1606 trium
311 1541 439 1604 seontos
469 1558 540 1604 esse
568 1557 814 1620 cognoscamus,
843 1537 953 1604 tamen
981 1559 1081 1602 unum
1103 1536 1308 1623 eundemque

175 1661 301 1726 librum
335 1664 475 1742 utroque
511 1657 583 1722 loco
599 1655 813 1740 ¹descriptum
850 1676 919 1721 esse
953 1664 1161 1740 nequaquem
1192 1659 1307 1741 negari

175 1780 294 1866 possit.
338 1777 472 1844 Accedit
501 1777 589 1860 quod
622 1777 801 1876 rectissime
829 1776 962 1843 Hartius
993 1796 1023 1860 p.
1047 1778 1102 1842 271
1139 1777 1237 1860 dixit,
1267 1797 1307 1840 ex
1382 1766 1385 1776 ¹

176 1901 252 1984 ipso
275 1897 383 1981 qualis
404 1898 438 1963 in
460 1896 700 1982 Hamburgcnsi
728 1898 900 1962 continuus
922 1896 1042 1980 legitur
1064 1897 1166 1980 libre,
1190 1901 1306 1979 qnant-

176 2039 279 2105 opere
303 2017 493 2098 decurtatus
516 2016 560 2082 sit
573 2016 722 2101 -perspici
743 2033 846 2099 posse.

265 2139 383 2220 Itaque
405 2157 479 2202 cum
500 2156 747 2222 anonymum
768 2135 1124 2221 Hembnrgensem
1145 2136 1185 2201 in
1205 2135 1306 2202 Nos-

179 2259 377 2342 politono
400 2255 669 2322 Heliodorum
691 2257 836 2322 vocari
857 2277 917 2340 pro
940 2263 1028 2322 certo
1051 2256 1307 2325 contendendum
1357 2345 1359 2348 Ι
1405 2304 1409 2312 -

183 2379 231 2460 sit,
253 2379 320 2441 iem
343 2376 387 2444 ad
409 2375 535 2459 Uhligii
557 2382 590 2440 et
612 2376 721 2440 Hartii
744 2376 960 2442 coniecturam
981 2381 1191 2442 revertemur.
1228 2377 1305 2442 For-

180 2504 268 2562 tasse
298 2496 385 2560 enim
412 2496 512 2562 etiam
541 2516 627 2560 nuno
654 2494 774 2579 aliquis
798 2495 1056 2561 Choeroboscum
1078 2515 1148 2560 esse
1170 2496 1306 2581 scripto·

178 2639 267 2700 rem,
302 2635 410 2680 errore
444 2589 568 2688 eutem,
589 2615 779 2698 gravissimo
812 2617 847 2680 in
883 2615 1103 2700 Neapolitano
1137 2616 1307 2682 Heliodori

179 2755 300 2802 nomen
323 2735 529 2818 suppositum
550 2755 620 2800 esse
643 2735 706 2800 sibi
727 2735 929 2819 persuadeat
974 2735 1074 2814 Quem
1087 2737 1229 2820 primum
1244 2736 1306 2803 hoo

84 2936 87 2943 ff
176 2855 381 2940 perpendere
395 2855 502 2940 velim,
524 2875 590 2919 non
612 2877 678 2922 uno
700 2855 771 2918 loco
795 2875 935 2920 errorem
957 2857 1162 2922 commissum
1184 2875 1254 2922 esse
1276 2856 1307 2922 ei

178 2976 302 3060 videri,
337 2976 393 3042 sed
415 2973 565 3040 omnibus
594 2973 850 3058 quibuscumque
883 2975 1079 3042 Heliodorus
1116 2996 1314 3042 commemo·¹

177 3103 281 3164 retur
328 3094 409 3160 Tum
432 3113 506 3160 vero
529 3115 568 3158 ea
582 3099 776 3178 argumenta
790 3096 937 3181 requiro,
960 3117 1046 3178 qnae
1061 3095 1199 3164 refutari
1213 3095 1305 3163 nullo
1399 3167 1401 3170 ,

178 3215 278 3282 modo
307 3216 444 3298 possint.
488 3215 636 3298 Denique
658 3214 837 3281 carendum
859 3222 927 3300 est,
957 3236 998 3282 ne
1020 3237 1121 3282 novae
1144 3216 1306 3299 quaedem

179 3355 302 3421 eaeque
325 3335 529 3402 molestiores
551 3333 758 3400 difficultates
780 3334 857 3400 inde
879 3343 1061 3402 nascentur.
1104 3336 1152 3400 Ac
1179 3336 1219 3402 de
1242 3335 1305 3402 hac

178 3478 215 3533 re
236 3457 380 3542 primum
402 3455 573 3520 dicendum
596 3460 654 3520 est.
817 3531 821 3550 ,

157 3603 159 3608 ·
266 3576 402 3642 Attente
424 3577 520 3642 velim
550 3595 588 3640 ee
614 3576 721 3658 leges,
751 3595 837 3658 quac
862 3599 895 3660 p.
916 3575 979 3640 273
1001 3597 1049 3658 sq.
1092 3577 1229 3644 Hostius
1251 3597 1303 3646 ox·

179 3671 309 3782 posuit,
340 3696 396 3761 ubi
418 3695 578 3779 quomodo
600 3695 722 3762 fectum
745 3697 805 3779 sit,
834 3702 872 3760 ut
899 3700 932 3760 et
954 3696 1142 3762 continuum
1164 3697 1303 3764 Choero·

180 3819 272 3884 bosci
294 3818 561 3884 commentarium
584 3824 615 3883 et
636 3823 790 3900 quattuor
805 3821 977 3900 praetereo
992 3816 1137 3884 eiusdem
1151 3816 1303 3903 frustula,
1320 3845 1324 3896 ι

180 3939 220 4004 de
243 3937 366 4004 eisdem
387 3936 484 4002 rebus
506 3937 580 4004 eliis
601 3936 709 4002 verbis
732 3937 862 4019 scripta,
884 3935 920 4000 in
940 3937 1139 4005 scholiorum
1153 3938 1303 4022 congerie

182 4054 343 4142 legamus,
374 4059 553 4140 quaeritur.
598 4057 701 4135 Quem
723 4077 792 4124 rom
813 4057 860 4122 ric
882 4059 1039 4140 explicari
1059 4059 1145 4144 vult,
1174 4065 1216 4126 ut
1236 4057 1301 4126 iru-
