3002 4614
691 320 902 388 „24-

287 495 403 578 usae
424 490 466 568 ὥς
486 488 680 580 προείρηται
823 491 940 575 taam
960 488 1106 580 ἐπιφέρει

287 616 404 701 mona
426 609 468 688 cic
489 607 681 698 προείρηται

289 737 405 820 749,19
427 730 470 807 ὡς
489 728 746 817 μεμαθήκαμεν

289 857 383 937 loon
424 847 681 938 μεμαθήκαμεν
844 824 857 850 ⁸

289 974 404 1062 75335
426 970 469 1048 ὡς
490 967 689 1058 προείρηται

236 1098 266 1162 6.
289 1093 404 1178 766,25
426 1090 468 1169 ὡς
489 1087 683 1180 apostoncae
825 1089 917 1174 767st
940 1089 1114 1178 ἐπιφορᾶς.

289 1215 383 1298 768,6
426 1209 468 1288 ὥς
489 1211 549 1276 καὶ
577 1210 774 1306 προρίρηῐαο

237 1357 340 1420 quare
362 1355 435 1400 cum
456 1333 610 1400 hactum
632 1332 770 1396 maxime
792 1332 901 1414 priore
922 1329 981 1414 illo
997 1335 1191 1413 argumento
1211 1336 1368 1398 constare

234 1454 315 1522 mihi
341 1453 470 1520 videtur
498 1453 604 1535 prima
638 1451 739 1516 trium
772 1449 1056 1536 paragraphorum
1084 1451 1196 1535 capita
1224 1448 1267 1514 ab
1297 1473 1368 1520 uno

236 1573 379 1660 quodam
400 1573 532 1638 homine
555 1571 740 1654 conscripta
761 1592 839 1636 esse.

319 1692 446 1758 Accede
469 1693 533 1756 iam
557 1691 599 1756 ad
620 1690 866 1775 paragraphum
888 1695 1045 1774 octavam,
1067 1690 1159 1756 cuius
1181 1691 1239 1774 qui
1257 1692 1367 1775 primo

234 1814 307 1880 loco
326 1813 454 1896 positus
469 1819 516 1877 est
529 1811 791 1893 commentarius,
814 1829 1001 1893 quanquam
1022 1810 1118 1874 unius
1139 1811 1280 1894 paginae
1293 1809 1369 1876 fini-

235 1932 297 1998 bus
327 1931 531 2014 continetur,
569 1935 680 1998 tamen
709 1929 845 2014 originis
880 1927 1001 1995 indicia
1029 1929 1175 1995 servant
1219 1929 1369 1996 Primum

236 2053 325 2136 quod
351 2051 451 2136 paulo
485 2055 564 2116 ante
593 2049 775 2134 Melampus
798 2048 1117 2134 dissentaneum
1143 2044 1175 2112 εἰ
1198 2050 1299 2114 τοῦτο
1331 2053 1369 2116 δὲ

236 2171 383 2251 άληθὲς,
412 2163 517 2253 &cusp
550 2169 608 2234 καὶ
639 2165 747 2274 ξοην,
777 2168 864 2234 idem
893 2168 1009 2254 820,15
1038 2170 1211 2254 repetitur:
1242 2163 1277 2232 εἰ
1303 2157 1370 2235 οὖν

238 2291 339 2358 τοῦτο
375 2285 527 2370 άληθὲς,
566 2284 671 2390 stenen
704 2283 811 2370 ἕονινς
855 2289 909 2398 ciri
938 2288 1022 2354 adde
1055 2308 1086 2371 p.
1109 2289 1226 2372 slata
1257 2282 1277 2353 ὃ
1309 2290 1369 2352 καὶ

236 2407 366 2485 ον’νός
387 2397 586 2496 παρέδρους
608 2408 702 2492 820,8
722 2403 765 2482 ὡς
786 2403 915 2482 αὐτὸς
936 2430 1056 2496 poclm
1079 2407 1196 2491 stam
1209 2403 1254 2482 ὡς
1268 2429 1368 2494 προ-

238 2525 403 2613 είρηκα;
432 2530 526 2613 820,3
549 2526 593 2603 ὥς
613 2526 875 2613 προείρηται
897 2513 979 2603 otium
1008 2528 1125 2613 analo
1146 2523 1188 2602 ὡς
1209 2520 1255 2592 au
1277 2525 1370 2592 εἴκοι

237 2669 305 2728 aa·
336 2649 430 2733 820,ss
460 2645 549 2712 εἴποι
574 2645 602 2710 δ’
635 2643 678 2710 ἄν
709 2669 764 2722 τις.
809 2647 899 2726 Quae
928 2653 965 2714 nt
992 2648 1027 2712 in
1054 2667 1122 2711 una
1143 2648 1273 2732 pagella
1294 2668 1369 2713 coa

238 2773 369 2833 corvata
390 2788 467 2834 suno
489 2787 549 2850 pro
571 2767 632 2834 levi
655 2765 848 2851 argumento
871 2766 1023 2834 habenda
1045 2787 1111 2832 non
1134 2773 1220 2832 sunt.

321 2886 406 2952 Huic
428 2893 537 2952 autem
563 2886 773 2971 paragrapho
791 2888 889 2952 ⁴ultra
918 2907 952 2952 so
975 2885 1205 2952 conferendum
1228 2887 1368 2970 praebet

238 3007 364 3094 pm‘mus
386 3006 503 3071 tertiae
526 3003 668 3072 decimae
690 3011 723 3071 et
745 3005 955 3072 duodecimae
977 3005 1235 3073 commentarius.
1280 3007 1366 3072 Nam

239 3129 274 3193 io
305 3131 421 3193 octava
449 3125 566 3208 8δο,10
588 3145 635 3207 sq.
659 3123 837 3190 scholiasta
858 3133 1067 3209 exposuerat,
1101 3125 1250 3211 Dionysii
1272 3127 1368 3210 sylla-

156 3321 159 3330 ,
240 3243 300 3312 bae
323 3243 546 3310 definitionem
575 3241 756 3330 (σύλληψις
778 3243 967 3332 συμφώνων
990 3242 1048 3332 [sio
1070 3243 1254 3333 legendum]
1277 3245 1366 3328 μετά

238 3364 433 3452 φωνήεντος
462 3337 717 3451 ήρανηὲντον)
739 3383 805 3428 non
828 3363 989 3450 sulficere,
1019 3365 1099 3449 quia
1125 3365 1274 3450 singulae
1295 3371 1369 3430 tum

238 3483 371 3553 litterae
394 3483 537 3571 syllabas
566 3481 722 3548 conficere
750 3505 815 3549 non
841 3491 993 3568 posseut3
1022 3486 1197 3574 immouero
1223 3485 1369 3550 litteram

239 3609 272 3670 et
293 3604 405 3670 itidem
432 3603 495 3683 τήν
522 3600 662 3689 μονάδα
692 3624 751 3670 suo
773 3604 843 3668 iure
865 3604 1100 3671 lamentaturas
1122 3625 1209 3688 esse,
1237 3625 1272 3670 se
1295 3626 1370 3670 oum

237 3724 329 3808 ipsae
350 3726 467 3791 ceteris
490 3722 668 3790 exsistendi
688 3721 877 3789 facultatem
892 3723 1128 3808 praebuissent,
1147 3724 1212 3789 iam
1234 3745 1252 3788 e
1275 3724 1369 3790 soda-

238 3844 318 3909 lium
353 3863 452 3928 grege
484 3844 622 3910 eiectum
651 3841 700 3908 iri.
726 3842 816 3907 1Ηοο
852 3847 962 3933 autom
995 3845 1166 3928 respicitur
1195 3865 1227 3927 p.
1249 3843 1368 3926 slusa

242 3960 317 4028 stt*
339 3959 378 4029 ὃν
403 3959 526 4046 τρόπον
547 3959 731 4046 εἰρήκαμεν
755 3961 818 4042 τήν
839 3957 976 4046 μονάδα
997 3961 1045 4044 μή
1061 3958 1296 4049 ἐκβάλλεσθαι
1311 3963 1369 4027 τοῦ

239 4071 330 4149 εἶναι
359 4079 534 4167 άριθμδν,
569 4073 600 4143 sc'
637 4081 697 4144 καὶ
731 4080 777 4164 μή
814 4079 887 4148 ἔστι
916 4079 1073 4165 μονάδων
1099 4076 1274 4165 σάνθοοις,
1309 4082 1368 4146 καὶ
