3002 4614
633 359 846 428 ..79-

179 535 292 603 εὶσὶν
314 535 519 622 ἄντικρυς
540 536 718 620 μακραὶ,
740 533 849 597 data
873 531 1040 626 ιιιιιναὶἸ
1059 529 1193 642 nisibis
1209 501 1324 619 ripn-¹

177 679 285 722 σεται.
316 656 432 723 Nonne
448 655 594 722 criticum
609 657 758 738 agnoscis
777 655 879 720 alium
895 655 1057 738 quendam
1076 654 1302 738 castigantem,

109 775 111 780 ’
177 777 235 860 qui
257 798 340 861 quae
362 777 416 841 ille
438 774 622 840 scholarum
644 775 748 858 magis
772 795 870 857 quam
885 776 1028 838 virorum
1045 774 1214 838 doctorum
1229 774 1303 838 usui

174 895 350 982 providens
372 896 406 960 iu
428 895 557 960 chartas
579 895 710 978 iecerat,
734 893 843 958 multis
867 894 1101 977 supplementis
1125 913 1218 976 egere
1233 913 1303 976 per-

176 1015 331 1100 spexerit,
353 1035 393 1080 ne
415 1014 565 1080 universa
588 1012 734 1080 doctrina
756 1012 979 1078 everteretur?

263 1133 345 1200 Tum
367 1131 567 1219 syllabarum
588 1131 751 1218 positione
774 1132 1005 1218 productorum
1023 1130 1168 1215 quinque
1184 1151 1304 1216 genera

175 1273 248 1320 esse
260 1260 400 1337 uterque
414 1252 542 1330 docuit;
565 1253 621 1318 sed
638 1253 779 1318 alterum
793 1271 894 1335 genus
901 1251 1032 1317 brevius
1049 1273 1149 1334 quam
1163 1252 1303 1336 pruden-

176 1376 241 1464 tius
263 1374 438 1459 Dionysius
461 1374 507 1438 sic
529 1371 675 1438 definivit
697 1369 721 1460 ξ
744 1371 780 1436 9:
811 1367 833 1447 ιῖ
854 1366 940 1436 ὅταν
958 1374 1073 1458 βραχεῖ
1097 1364 1118 1448 ri*
1138 1374 1300 1458 (τραχυνο-

176 1495 265 1583 μένφ
287 1493 453 1579 φωνήεντι
483 1493 682 1578 ἐπιφέρηται
704 1491 765 1558 δύο
788 1491 966 1579 σύμφωνα,
989 1480 1063 1555 οἷον
1084 1488 1206 1575 ἀγρός,
1230 1511 1303 1556 cum

176 1635 244 1680 non
266 1634 377 1680 omnes
399 1632 560 1678 consonae
582 1611 727 1696 duplices
749 1610 905 1696 syllabam
927 1610 1154 1694 producerent.
1197 1610 1304 1688 Quare

177 1732 362 1798 landandus
384 1738 435 1798 est
457 1731 668 1827 Hephaestio,
692 1733 750 1814 qui
771 1755 801 1816 p.
823 1732 913 1813 4,12
935 1730 1079 1796 addidit:
1103 1727 1210 1796 inda
1234 1732 1304 1793 καὶ

178 1853 248 1918 δεῖ
274 1857 543 1938 παρατηριῖν
571 1852 706 1936 (quippe
728 1835 816 1934 quod
837 1870 904 1916 non
926 1855 1070 1915 caverint
1092 1849 1173 1935 alii),
1194 1846 1241 1932 μὴ
1263 1850 1303 1914 τό

175 1976 241 2054 μὲν
263 1970 425 2056 πρότερον
446 1967 583 2061 ἄφωνον
603 1957 638 2058 ᾗ,
660 1969 699 2034 τό
722 1973 758 2036 δὲ
781 1968 937 2054 δεύτερον
957 1965 1071 2053 ὑγρόν,
1092 1971 1129 2032 αἱ
1151 1968 1216 2053 γάρ
1238 1991 1304 2034 τοι·

127 2127 139 2144 =
178 2088 278 2156 αὗται
300 2088 424 2164 κοιναί,
447 2087 488 2166 ὡς
509 2085 582 2169 ἑξῆς
603 2087 783 2178 εἰρήσεται.

264 2210 328 2277 Sed
356 2231 423 2276 non
451 2211 547 2276 modo
578 2229 662 2294 quae
690 2229 862 2294 perperam
892 2207 1012 2275 omissa
1041 2207 1140 2300 facili.
1158 2228 1258 2293 opera
1286 2229 1305 2273 e

56 2403 58 2412 ,
177 2331 294 2398 ceteris
317 2313 462 2416 suppleri
483 2337 634 2414 possent,
655 2329 854 2414 Hephaestio
876 2327 1017 2413 addidit,
1040 2328 1217 2394 sedetiam
1238 2329 1306 2394 alia

178 2457 327 2516 accurate
356 2449 524 2535 quaesita,
552 2450 600 2534 de
636 2448 754 2532 quibus
783 2447 842 2514 ille
868 2470 909 2514 ne
937 2449 1135 2531 cogitaverat
1163 2448 1303 2532 quidem.

179 2570 225 2636 Ut
246 2568 406 2655 syllabam
428 2577 461 2634 et
482 2571 613 2654 longam
632 2575 663 2634 et
681 2570 716 2633 in
730 2567 873 2633 vocalem
887 2571 1058 2633 exeuntem
1074 2570 1323 2634 antevocalem

177 2688 299 2772 corripi
320 2688 407 2756 nude
428 2687 538 2773 posuit
558 2689 734 2772 Dionysius
755 2687 790 2752 in
813 2685 837 2776 §J
857 2688 894 2751 11
901 2710 910 2762 ;
939 2686 1174 2769 Hephaestioni
1195 2694 1305 2753 autem

178 2830 209 2892 p.
231 2810 263 2892 b,
284 2808 305 2874 8
328 2830 375 2893 sq.
398 2807 518 2874 addere
539 2807 644 2874 visiun
666 2814 714 2872 est
733 2807 834 2872 multo
862 2811 989 2890 saepius
1010 2806 1073 2872 hoc
1095 2807 1130 2872 in
1152 2809 1307 2874 extremis

177 2927 349 2992 verborum
377 2927 510 3014 syllabis
540 2947 638 3010 quam
667 2927 701 2990 in
730 2927 844 2992 mediis
871 2925 959 3013 fieri,
986 2948 1085 3011 quam
1114 2929 1304 2995 divisionem

180 3047 261 3112 satis
284 3046 396 3113 utilem
417 3046 590 3133 Dionysius
613 3067 679 3112 non
701 3044 834 3112 fecerat.
868 3046 985 3130 Itaque
1006 3045 1126 3113 factum
1148 3049 1304 3134 videmus,

180 3166 269 3250 quod
290 3189 350 3251 pro
380 3187 416 3232 re
442 3174 519 3233 nata
547 3187 612 3232 uon
634 3165 705 3230 fieri
726 3187 793 3231 non
823 3168 948 3251 potuit,
974 3174 1010 3234 ut
1039 3167 1243 3234 definitiones
1266 3189 1304 3234 ac

180 3287 354 3352 divisiones
384 3308 404 3350 a
431 3285 594 3351 veteribus
624 3286 771 3370 prolatae
800 3275 873 3350 cuir}
899 3293 1033 3370 propter
1066 3283 1303 3372 simplicitatem

179 3407 320 3492 posteris
344 3403 490 3472 sufficere
512 3428 578 3472 non
594 3406 791 3492 viderentur,
814 3427 916 3472 novae
938 3407 973 3472 in
996 3405 1064 3472 dies
1087 3427 1208 3492 eaeque
1230 3408 1304 3476 sub·

177 3527 304 3592 tiliores
327 3526 549 3610 dispertiendo
571 3524 813 3610 effingerentur.
1050 3609 1053 3616 Ι

263 3647 396 3712 Accedit
419 3645 506 3729 quod
527 3646 609 3729 alia,
639 3665 723 3729 quae
744 3650 878 3730 propter
900 3644 1032 3710 nimiam
1055 3649 1211 3714 sermonis
1233 3649 1304 3715 bre-

178 3767 311 3832 vitatem
342 3766 517 3851 Dionysius
546 3766 715 3832 obscurius
745 3770 957 3850 exposuerat,
992 3765 1192 3849 Hephaestio
1222 3770 1304 3838 dilu-

179 3887 250 3954 cide
272 3894 304 3952 et
324 3885 494 3971 perspicue
522 3886 717 3970 explanavit,
761 3885 830 3962 Quo
851 3888 1024 3970 pertinent,
1048 3907 1131 3969 quae
1154 3888 1309 3956 demuto

178 4027 252 4074 cum
275 4005 402 4090 liquida
423 4006 596 4071 coniuncta
611 4005 785 4090 Dionysius
805 4005 840 4070 in
856 4003 880 4094 ξ
895 4007 933 4070 11
950 4007 1094 4072 dixerat:
1117 3999 1203 4074 ὅταν
1215 4011 1317 4096 βρα-.

173 4135 227 4214 χεῖ
247 4123 269 4204 ἢ
289 4127 520 4214 βραχυνομένφ
547 4122 726 4212 φωνήεντι
743 4124 942 4216 ἐπιφέρηται
964 4122 1025 4192 dv'c
1048 4125 1230 4218 σύμφωνα,
1260 4123 1305 4198 ὧν
