3002 4614
650 261 711 336 .'-
754 263 798 332 42
840 301 884 314 -

205 436 266 502 (lui
288 435 442 520 Uhligiue
464 437 485 502 l.
508 459 531 501 s.
556 459 579 502 s.
602 437 766 521 opposuit,
788 436 915 502 nullum
937 455 1101 518 eousque
1127 434 1235 501 locum
1258 435 1340 501 alle-

204 560 275 642 lum
297 575 377 639 esse,
400 546 465 638 quo
488 555 639 621 similiter
660 557 833 640 quisquam
855 555 951 642 τέχνη
971 553 1127 620 vocabulo
1145 575 1224 620 usus
1242 562 1342 629 esset.

203 675 275 740 Hoc
305 682 412 741 autem
440 695 609 758 nunquam
637 674 759 742 laetum
789 695 859 740 esse
890 673 1085 758 negaverim.
1134 673 1217 738 Nam
1247 675 1341 757 quod

206 795 242 860 in
272 792 491 860 Choerobosoi
521 794 768 880 Orthegraphiu
804 793 951 877 quamvis
984 797 1140 858 truncata
1171 791 1341 878 hodieque

207 915 344 998 legimus
365 912 406 979 de
429 901 481 978 εἶα
504 914 667 998 particula
688 938 720 999 p.
744 914 871 999 213,14‚
893 912 1022 999 plenius
1046 910 1227 978 exhibitum
1251 912 1341 982 idem

207 1033 243 1098 in
264 1033 370 1118 atym.
393 1032 513 1117 Magno
542 1057 573 1118 p.
596 1033 729 1118 aerae,
762 1015 797 1099 ie
826 1033 926 1100 etiem
949 1027 1144 1116 eustathius
1166 1055 1198 1116 p.
1222 1033 1340 1118 iones

206 1153 418 1236 transcripsit
438 1153 527 1219 hisce
548 1153 655 1218 verbis
677 1175 771 1218 usus:
793 1149 977 1237 σημείωσαι
1001 1155 1048 1238 δὲ,
1073 1147 1129 1220 ὅτι
1152 1149 1242 1218 aare?
1267 1151 1341 1231 τήν

192 1253 374 1358 rigum*
384 1274 444 1336 τοῦ
464 1273 499 1339 Γ
494 1269 631 1359 εωργίου
652 1271 923 1360 concertandam
945 1270 985 1338 τὸ
1006 1271 1120 1362 ῥηθὲν
1141 1269 1206 1352 εἴα,
1227 1267 1338 1337 εἰπόν-

207 1413 268 1468 τος
289 1381 343 1456 ὅτι
366 1413 411 1471 ..,·
439 1399 593 1460 secuntur
615 1414 668 1477 ea,
698 1393 838 1475 quaein
860 1391 1107 1477 Orthogrephia
1129 1396 1278 1476 exstant,
1301 1396 1340 1490 ut

209 1510 252 1577 ad
278 1511 363 1576 hunc
385 1511 490 1596 ipsam
511 1514 654 1596 spectari
675 1513 730 1578 rix
751 1533 870 1596 negare
892 1511 1008 1596 possis.
1178 1487 1182 1495 Ι

293 1630 444 1710 (laterum
466 1651 505 1694 ex
526 1631 588 1695 hoc
610 1632 681 1713 ipso
703 1632 775 1696 loce
796 1631 831 1695 id
854 1652 984 1720 quoque
1006 1630 1219 1719 intellegitur,
1253 1651 1338 1713 quse

207 1751 294 1816 iuter
316 1751 494 1833 pleniorem
517 1754 550 1814 et
573 1771 654 1834 eam,
678 1771 775 1833 quem
803 1773 862 1815 nos
884 1751 1030 1834 legimus,
1054 1749 1335 1834 Orthographiam

207 1869 293 1934 ratio
316 1869 516 1953 intercedat,
538 1890 610 1933 eum
632 1869 799 1953 Euripidis
822 1869 1042 1953 fragmentum
1063 1889 1132 1934 rem
1153 1868 1337 1952 illustrans,

208 1988 296 2072 quod
317 1989 393 2054 inde
417 1995 623 2072 sumpserunt
644 1989 852 2073 Etymologus
874 1995 908 2053 et
930 1987 1139 2073 Eustathius,
1163 1987 1337 2072 abscisum,

207 2127 260 2172 res
272 2113 383 2174 eutem
396 2108 607 2191 ipseintegra
621 2113 750 2173 servata
764 2108 817 2172 sit.
840 2108 1013 2174 Praeterea
1022 2113 1052 2174 et
1059 2107 1227 2190 Euripidis
1245 2115 1279 2174 et
1291 2109 1335 2174 fa

207 2226 303 2292 bulas
319 2228 450 2292 nomina
456 2227 646 2294 Eustathius
654 2228 801 2310 servavit,
809 2228 922 2292 reiecit
930 2233 1106 2310 utrumque
1113 2226 1337 2312 Etymologus.

296 2345 359 2419 Sed
394 2348 423 2411 si
452 2346 524 2430 quis
558 2346 694 2414 fumasse
724 2345 952 2430 Eustathium,
989 2363 1007 2412 e
1037 2367 1101 2429 quo
1130 2345 1215 2412 libro
1246 2349 1336 2413 locus

209 2463 359 2532 fluxisset
380 2465 588 2550 nescientem,
612 2464 674 2539 τήν
694 2465 812 2552 τέχνην
834 2465 1026 2549 apposuisse
1048 2465 1112 2532 sibi
1127 2465 1337 2550 persuadeat,

209 2604 276 2676 suov
299 2583 361 2650 hec
391 2585 536 2668 periculo
565 2585 674 2650 faeiat.
718 2584 820 2670 Mihi,
848 2606 921 2650 eum
951 2584 1161 2670 Eustathium
1191 2587 1273 2652 satis
1302 2587 1336 2650 in

210 2701 427 2770 Choerobosci
456 2706 586 2788 scriptis
620 2709 785 2770 uersatum
814 2704 915 2769 luisse
950 2710 1096 2789 constet,
1127 2725 1337 2788 nequaquam

210 2820 344 2888 dubium
371 2822 516 2910 videtur,
546 2825 625 2906 quin
648 2825 744 2912 τέχνη
773 2824 931 2916 vocabulo
959 2823 1121 2908 ,brevibus
1136 2825 1213 2889 ,eius
1237 2845 1338 2908 opera

209 2939 406 3024 significare‘
436 2943 575 3008 voluerit
605 2944 708 3028 ipsius
738 2943 814 3008 libri
836 2945 966 3037 nomine
988 2925 1225 3028 praetermisso.
1270 2943 1336 3040 Ita-

208 3081 272 3144 que
295 3060 409 3145 τέχνας
431 3061 591 3145 quasdem
611 3063 720 3128 omnia
741 3062 993 3147 complectentes
1003 3061 1336 3144 ApelloniietHero·

102 3269 103 3274 ἵ
208 3179 298 3246 dieni
320 3178 581 3248 Choerobeseum
608 3182 660 3246 vel
681 3181 865 3247 illustrasse
886 3184 938 3247 uel
965 3181 1205 3247 illustratorum
1233 3181 1355 3268 fuisse„

209 3299 341 3367 nullis
363 3299 543 3366 indiciis
565 3299 875 3385 comprobatur.

631 3624 632 3628 κ
721 3589 823 3677 513.

295 3775 358 3842 Sed
386 3779 554 3872 etiamde
583 3778 664 3864 ipsis
686 3777 817 3844 scholiis
839 3777 905 3860 eis,
933 3777 1020 3843 unde
1046 3778 1153 3845 locum
1181 3777 1336 3863 Uhligius

97 3926 100 3934 ·
210 3895 401 3981 desumpsit,
423 3898 520 3963 aliter
542 3904 641 3984 etque
663 3899 720 3964 ille
741 3898 858 3964 iudico.
902 3897 1069 3964 Pertinent
1090 3897 1176 3964 enim
1198 3896 1241 3962 ad
1263 3918 1336 3964 eam

211 4016 330 4095 codicis
360 4015 615 4111 Hemburgensis
647 4023 775 4104 partem
781 4068 791 4109 ,
827 4038 926 4109 quam
957 4037 978 4086 a
1008 4017 1124 4089 ceteris
1156 4017 1335 4111 seiunctam
