3002 4614
622 313 813 430 ’.3-

156 537 319 618 versetur,
351 549 417 598 non
452 517 523 598 sum
551 535 695 617 nescius,
732 538 841 599 tamen
871 531 1002 598 minime
1031 531 1177 599 inutilem
1207 551 1276 598 esse

157 653 314 718 librorum
344 653 475 718 illorum
500 659 685 718 accuratam
706 652 987 737 investigationem
1015 652 1064 719 ita
1086 673 1277 737 persuasum

157 772 279 855 habeo,
308 778 346 837 ut
374 773 502 836 etiamsi
530 792 582 837 res
605 772 692 855 ipsas
720 771 843 838 nullius
870 793 1004 856 prorsus
1031 771 1185 838 momenti
1207 791 1276 836 esse

157 891 365 956 concederem
388 929 427 958 ,-
451 889 538 974 quod
560 913 625 956 non
648 891 804 975 concedo,
829 928 868 940 --
895 898 1005 956 tamen
1034 890 1123 956 illam
1144 890 1274 956 missam

156 1031 224 1074 non
252 1010 391 1076 lacerem
421 1030 491 1074 eam
520 1009 560 1075 ob
591 1030 741 1096 causam,
778 1012 856 1094 quia
885 1010 1050 1076 artissima
1079 1011 1165 1076 inter
1192 1009 1278 1074 hanc
1329 1005 1333 1028 ⁸

158 1136 189 1194 et
211 1128 292 1193 alias
314 1129 501 1196 litterarum
522 1135 633 1214 partes
655 1129 858 1196 necessitudo
877 1128 1048 1196 intercedit
1065 1149 1171 1214 neque
1192 1127 1277 1212 quis-

158 1269 256 1331 quam
272 1269 343 1312 eam
365 1251 515 1314 accurate
537 1247 711 1332 tractabit,
734 1249 814 1332 quin
836 1249 935 1313 etiam
957 1247 1072 1313 ceteris
1093 1248 1291 1337 litterarum,

157 1373 349 1451 graecarum
377 1367 525 1451 partibus
548 1362 672 1450 aliquid
699 1367 855 1432 utilitatis
878 1367 1036 1432 allaturus
1059 1368 1112 1449 sit,
1133 1368 1278 1432 *maxime

89 1542 92 1552 ,
156 1493 268 1553 autem
297 1487 457 1572 pedestris
480 1476 634 1551 orationis
664 1485 877 1570 scriptoribus
906 1487 976 1550 aevi
997 1486 1197 1570 posterioris,
1222 1484 1278 1568 qui

156 1613 357 1690 quantopere
387 1605 555 1670 doctorum
582 1605 745 1671 industria
774 1612 807 1671 et
837 1603 1119 1670 lucubrationibus
1151 1596 1277 1690 egeant,

155 1731 195 1790 ut
216 1724 343 1808 plenius
365 1723 504 1807 denique
527 1745 547 1789 a
567 1725 660 1790 nobis
682 1731 925 1809 cognoscantur,
948 1724 982 1790 in
1003 1726 1117 1808 uulgus
1140 1709 1278 1790 constat

677 2015 754 2100 92.

244 2199 446 2268 Scholiorum
476 2202 510 2266 in
538 2199 729 2286 Dionysium
758 2200 932 2286 Thracem,
968 2222 1051 2286 quae
1080 2179 1278 2267 Villoisonus

156 2321 325 2388 Bekkerus
339 2321 507 2386 Oromenus
530 2319 713 2403 ediderunt,
736 2323 921 2405 quicunque
937 2328 1062 2386 vastam
1084 2320 1279 2406 farraginem

157 2429 256 2524 paulo
279 2439 467 2524 diligentius
489 2440 640 2523 inspexit,
663 2461 729 2506 non
751 2439 865 2506 dubito
889 2441 968 2524 quin
991 2441 1037 2505 eis
1060 2463 1209 2507 assensus
1225 2442 1278 2524 sit,

158 2559 216 2643 qui
242 2558 332 2625 filum
361 2559 525 2643 quoddam
554 2558 768 2643 Ariadncum,
806 2579 870 2642 quo
901 2560 981 2624 duce
1011 2560 1050 2624 de
1085 2559 1216 2624 illorum
1246 2565 1279 2622 et

95 2669 98 2676 Δ
159 2679 284 2762 origine
314 2684 348 2745 ct
374 2684 494 2744 natura
514 2677 635 2743 rectius
662 2677 800 2743 iudicari
828 2679 948 2762 possit,
978 2679 1071 2744 valde
1100 2678 1279 2743 desiderari

160 2797 321 2863 dixerunt.
372 2797 455 2862 Nam
479 2817 562 2879 quae
583 2798 618 2862 in
639 2797 719 2881 ipsis
742 2796 872 2862 scholiis
896 2792 1057 2881 adscripta
1078 2804 1152 2863 sunt
1174 2817 1279 2880 gram·

159 2919 352 2982 maticorum
373 2916 522 3002 nomina,
552 2935 590 2981 ea
612 2922 670 2980 aut
690 2937 823 3001 prorsus
845 2917 971 2980 incerta
991 2922 1069 2980 sunt
1089 2891 1279 2981 utMelam-

159 3035 252 3120 podis
274 3035 439 3102 Diomedis
454 3033 633 3120 Heliodori,
654 3039 712 3100 aut
734 3036 780 3100 sic
804 3030 1001 3120 comparata,
1024 3042 1061 3100 ut
1084 3036 1123 3100 de
1145 3019 1279 3099 diversis

160 3153 345 3220 hominibus
375 3153 509 3236 coptari
530 3155 635 3236 possit
655 3153 744 3217 velut
767 3151 943 3238 Stephani,
973 3160 1032 3221 aut
1050 3154 1188 3236 denique
1211 3154 1280 3217 eius

160 3274 298 3358 generis,
319 3279 358 3337 ut
379 3293 457 3338 num
478 3278 566 3337 recte
588 3271 634 3338 eis
657 3272 780 3337 scholia
802 3271 931 3356 singula
951 3273 1185 3356 attribuantur,
1208 3271 1278 3336 iure

160 3391 308 3458 dubitare
330 3393 446 3477 possis,
469 3412 608 3475 quorum
630 3397 680 3456 est
702 3389 911 3476 Porphyrius.

138 3487 141 3490 ⁵
244 3512 284 3576 In
311 3509 377 3596 hac,
406 3515 515 3576 autem
549 3511 840 3574 instrumentorum
876 3507 997 3594 inopia,
1017 3507 1190 3595 diligenter
1221 3511 1279 3575 cir·
1347 3571 1349 3578 ,

159 3628 435 3714 cumspiciendum
457 3634 524 3713 cst,
554 3649 699 3711 numqua
719 3627 859 3693 fortasse
880 3631 933 3693 via
954 3634 1083 3712 pateat,
1113 3649 1210 3711 quam
1232 3628 1279 3693 in-

159 3769 300 3834 gressus,
323 3747 449 3814 etiamsi
470 3767 536 3813 non
557 3748 677 3830 ubique
693 3749 860 3843 commoda
877 3767 914 3811 ac
929 3747 1030 3831 plana
1045 3745 1098 3831 sit,
1120 3747 1155 3812 id
1170 3754 1280 3813 tamen

160 3868 291 3950 assequi
320 3868 444 3952 possis,
478 3872 517 3931 ut
553 3865 690 3932 alicuius
727 3867 842 3932 saltem
868 3866 1074 3931 ‘scholiorum
1109 3869 1213 3948 partis
1247 3873 1279 3933 et

159 3995 327 4053 auctorem
349 4005 523 4070 cognoscas
547 3993 579 4050 et
601 3964 744 4052 ordinem
768 3962 930 4070 dispicias.
974 3985 1082 4070 Atque
1097 3993 1186 4070 patet
1201 4005 1279 4051 sanc

147 4107 215 4175 ¹via
236 4107 363 4193 duplex.
399 4103 400 4111 ’

1045 4208 1078 4266 ,t
