3002 4614
679 321 887 387 ..53-

222 491 398 558 scholiasta
419 492 551 576 incipit3
581 492 638 556 sed
660 495 745 558 ultra
767 499 918 576 quartam
940 515 1007 558 non
1030 492 1256 578 progreditur,
1284 492 1350 559 nisi

221 611 357 678 fortasse
376 619 484 676 cetera
501 612 535 676 in
558 611 720 677 codicibus
742 613 863 677 nostris
886 611 1042 677 excidisse
1062 613 1269 678 verisimilius
1294 612 1348 679 sit.

220 731 309 809 Quae
332 752 396 814 quo
418 735 564 814 ternpore
586 732 750 816 perierint,
782 752 846 796 non
870 737 1016 807 constat3
1045 737 1131 796 certe
1160 731 1267 796 Draco
1291 733 1350 815 qui

221 849 304 916 falso
334 851 454 916 dicitur
476 869 506 932 p.
530 853 560 935 5,
585 853 622 914 11
647 871 693 932 sq.
718 851 829 915 eadem
859 851 991 916 exhibet
1013 850 1133 916 eisdem
1155 851 1281 933 verbis,
1311 857 1349 916 ut

219 971 253 1034 in
272 983 313 1034 'eo
340 991 403 1052 quo
424 976 573 1035 uteretur
595 969 679 1035 libro
709 968 793 1033 nihil
816 971 956 1055 amplius
986 969 1045 1036 sub
1072 970 1169 1036 finem
1196 971 1346 1037 additum

218 1089 317 1154 fuisse
341 1094 508 1174 appareat.
551 1089 620 1154 Iam
642 1111 717 1154 vero
747 1088 883 1156 feliciter
912 1090 1088 1175 contingit,
1118 1091 1211 1156 utin
1235 1091 1347 1155 codice

219 1207 432 1275 Saibantiano
454 1226 485 1291 p.
510 1209 604 1294 112ss
628 1220 675 1291 sq.
697 1208 747 1273 ed.
769 1208 882 1275 Westf.
906 1229 987 1300 cum
1006 1216 1111 1276 totam
1138 1215 1346 1294 argumenta·

217 1328 341 1394 tionem
370 1349 429 1412 per
456 1327 567 1392 decem
597 1348 716 1411 genera
744 1329 937 1410 productam
966 1328 1072 1395 verbis
1102 1333 1211 1394 autern
1240 1328 1346 1394 brevi·
1374 1361 1376 1371 Α

217 1469 306 1513 orem
340 1447 557 1532 reperiamus,
587 1454 654 1513 turn
681 1449 891 1513 Heliodorum
924 1455 1087 1514 auctorem
1108 1448 1210 1514 fuisse
1233 1455 1346 1531 aperto

221 1566 417 1632 scholiastae
446 1568 634 1632 testimonio
665 1567 864 1632 edoceamur.
908 1562 1001 1633 Dixit
1031 1567 1070 1632 de
1098 1568 1161 1633 hac
1182 1589 1218 1632 re
1241 1569 1346 1634 West·

219 1686 340 1751 fahlius
368 1687 402 1750 in
434 1685 527 1751 Matr.
552 1687 605 1751 Gr.
629 1692 652 1750 t.
675 1687 690 1750 l
712 1709 743 1770 p.
768 1687 847 1770 199,
874 1687 965 1752 cuius
994 1693 1104 1751 tamen
1134 1688 1183 1752 in¹
1199 1687 1346 1772 disputa-

218 1806 308 1872 tione
331 1806 397 1869 alia
419 1804 611 1888 corrigenda
633 1806 699 1870 alia
721 1805 871 1872 addenda
894 1828 963 1871 esse
985 1807 1087 1873 video.

303 1923 373 1990 Hoc
395 1925 493 2009 paulo
521 1924 653 1990 uberius
675 1946 836 2009 exponere
865 1926 968 1990 visum
991 1933 1052 2010 est,
1081 1931 1119 1998 ut
1147 1927 1347 2028 gravissimis

219 2044 402 2128 quibusque
430 2042 608 2127 exploratis
632 2043 776 2111 habeam
802 2045 859 2110 ubi
890 2045 1005 2129 pedem
1027 2044 1134 2129 figam.
1177 2045 1264 2111 Nam
1285 2046 1348 2110 hoo

219 2167 328 2250 ipsum
341 2163 509 2228 Heliodori
531 2163 746 2247 fragmentum
768 2165 852 2228 viam
875 2170 1044 2249 monstrat,
1067 2185 1134 2247 qua
1155 2183 1349 2248 progressus

219 2284 264 2351 ad
296 2263 463 2348 meliorem
499 2282 695 2348 scholiorum
729 2289 762 2348 et
795 2283 929 2366 originis
964 2290 996 2348 et
1022 2284 1142 2350 indolis
1175 2285 1348 2350 universae

219 2403 436 2486 cognitionem
465 2403 626 2486 perveniri
655 2405 768 2485 possit.
813 2401 957 2468 Totum
988 2405 1095 2468 enim
1117 2404 1348 2469 Heliodori

219 2521 498 2606 fragmentum
540 2523 669 2588 multo
712 2523 883 2606 plenius
927 2523 968 2586 in
1012 2522 1190 2588 scholiis
1228 2523 1347 2589 Dion.

218 2642 377 2725 legitur
406 2664 438 2725 p.
460 2641 750 2727 enecassent,
783 2642 901 2708 omaso
922 2648 961 2707 uc
982 2619 1053 2707 fieri
1075 2643 1159 2708 sora
1180 2643 1350 2709 nerana

221 2739 369 2845 nomine,
400 2760 462 2852 sed¹
485 2763 533 2826 ita
563 2769 804 2850 comparatum,
834 2770 869 2828 ut
899 2783 964 2845 qua
992 2763 1119 2827 ratione
1149 2763 1348 2830 scholiastae

220 2880 476 2964 Hephaestionis
514 2901 552 2947 ac
585 2881 731 2966 Dionysii
761 2890 791 2947 et
819 2882 925 2946 Draco
960 2883 1046 2946 inter
1075 2904 1108 2947 se
1138 2883 1348 2969 cohaereant,

221 3002 353 3086 penitus
382 3000 522 3084 perspici
551 2999 662 3083 possit.
689 2999 822 3066 Abunde
852 3003 936 3067 enim
959 3002 1067 3082 exeis
1091 3022 1174 3083 quae
1196 3023 1348 3068 11101111-

219 3141 339 3205 ponam
368 3118 524 3184 elucebit:

308 3241 339 3321 1)
362 3261 461 3304 unam
483 3221 553 3304 esse
575 3241 793 3304 recensionem
816 3260 897 3325 eam,
922 3261 1004 3322 quae
1027 3243 1061 3304 in
1085 3241 1193 3306 codice
1211 3242 1348 3310 Saiban-

369 3359 460 3423 tiano
483 3362 601 3440 exstat,
625 3359 761 3423 alteram
784 3365 964 3424 ceterorum
986 3358 1145 3426 librorum
1168 3349 1334 3426 omnium}

311 3477 345 3560 2)
367 3479 503 3544 alteram
520 3479 567 3542 sic
579 3483 803 3561 comparatam
822 3498 902 3564 esse,
918 3485 955 3544 ut
971 3500 1035 3544 uno
1058 3477 1235 3563 eodemque
1257 3481 1347 3545 fonte

371 3603 404 3662 et
437 3597 587 3680 Dionysii
611 3583 830 3681 interpretem
863 3605 908 3662 et>
925 3597 1177 3682 Hephaestionis
1210 3601 1347 3666 alterum

370 3735 442 3780 cum
464 3716 613 3783 Dracone
636 3739 711 3783 usos
735 3737 805 3783 esse
827 3710 950 3801 pateat.

313 3836 346 3917 3)
368 3835 550 3903 Draconem
579 3841 688 3920 (quem
717 3837 887 3902 brevitatis
919 3857 1017 3903 causa
1045 3837 1209 3922 appellare
1237 3839 1347 3926 liceat)

370 3977 436 4022 non
460 3977 499 4021 ex
520 3955 600 4040 ipsis
623 3956 753 4024 scholiis
775 3957 880 4042 Heph.
903 3978 963 4023 sua
985 3957 1204 4043 descripsisse,
1227 3958 1285 4022 sed
1307 3979 1345 4024 ex

371 4075 455 4141 libro
478 4077 619 4160 quodam
641 4079 738 4162 paulo
760 4076 945 4165 integriore.
