3002 4614
611 331 824 395 ..49-

149 503 250 588 βιιαν
279 502 321 570 ἐν
352 503 442 579 τοῖς
471 503 647 589 μέτροις
675 496 987 594 ἩφαιστίωνοςΙ
1021 500 1279 586 μαθησόμεθα.

150 625 313 707 Inspicias
336 644 458 708 quaeso
481 624 679 690 scholiorum
701 623 736 689 in
750 621 1024 710 Hephaestionem
1046 643 1129 707 eam,
1153 643 1219 706 qua
1241 623 1280 687 de

151 744 280 830 syllaba
316 743 449 826 ancipiti
479 744 613 830 agiturp
642 749 786 830 partem,
815 743 873 810 ubi
901 765 932 826 p.
956 743 1072 826 108,29
1095 743 1143 807 ed.
1166 741 1279 809 Westf.

151 864 236 928 haec
264 864 434 948 leguntur:
465 864 525 928 aab
553 855 608 929 ὅτι
637 861 794 954 τῷλόγῳ
819 864 877 942 τῆς
900 862 1012 940 κοινῆς
1099 859 1280 926 διπλασια-

153 983 252 1062 ζεται
285 981 324 1048 τὸ
364 983 514 1063 κὲκτηκα
541 984 630 1071 (sici)
659 983 717 1046 καὶ
750 981 909 1046 πέπτωκα
943 1030 1017 1066 ....,
1052 978 1187 1066 ἐδείχθη
1218 979 1281 1046 οὐκ

151 1103 229 1186 θεῷ
257 1101 296 1172 ἐν
324 1103 377 1186 τῷ
405 1105 501 1190 περὶ
531 1101 750 1193 ῥημάτων,
773 1102 805 1167 h.
829 1122 855 1166 e.
877 1103 912 1167 in
935 1123 973 1166 ea
996 1121 1156 1167 canonum
1177 1107 1280 1185 parte,

150 1241 238 1307 quac
260 1221 305 1289 ad
326 1217 420 1309 ρἰῙμα
443 1230 578 1308 spectat.
622 1224 738 1290 Nonne
761 1230 795 1289 et
816 1245 867 1288 res
890 1229 921 1288 et
939 1241 1043 1288 sermo
1058 1221 1195 1286 eundem
1211 1241 1281 1286 esse

150 1349 319 1408 auctorem
348 1344 511 1426 arguunt?
556 1341 621 1409 Sed
649 1345 804 1428 quoniam
833 1341 922 1407 hisce
951 1342 1031 1407 locis
1060 1341 1164 1408 omnis
1184 1341 1280 1406 ratio-

150 1463 272 1529 cinctio
295 1467 408 1528 nostra
430 1464 555 1550 nititur,
578 1471 749 1550 utrumque
772 1461 956 1528 adscribere
977 1461 1085 1527 liceat:

175 1651 311 1718 'Choer
340 1651 472 1738 553,28:
500 1649 622 1728 ’Άλλως
657 1675 692 1716 τε
787 1649 893 1718 Schol.
915 1651 1019 1736 Heph.
1049 1650 1177 1733 108,2b,:
1201 1649 1282 1714 καὶ

151 1771 189 1836 δὲ
218 1767 387 1847 πολλάκις
415 1769 694 1857 εὑρίσκονται
744 1767 992 1856 εὑρέθησαν
1022 1767 1167 1845 σπανίως
1189 1792 1281 1835 ποι-

152 1890 215 1955 καὶ
237 1889 272 1954 ἐν
295 1892 366 1966 τοῖς
387 1892 521 1978 μέτροις
548 1893 694 1958 daors-
746 1887 1058 1968 οῦντακοινὴν
1093 1889 1128 1954 ἐν
1163 1887 1282 1964 αὐτοῖς

150 2010 314 2076 totiaco
348 2008 422 2088 tria
460 2012 608 2090 κοινήν
646 2011 708 2076 τὸ.
733 2008 789 2098 τὸ
828 2031 879 2073 πτ
924 2009 999 2072 καὶ
1040 2008 1085 2072 τὸ
1128 2031 1193 2082 xc,
1230 2005 1281 2082 ὤς

153 2153 205 2195 κτ
251 2131 324 2193 καὶ
367 2151 436 2206 πτ,
487 2127 538 2208 ως
588 2130 692 2218 παρ’
745 2127 861 2216 παροὶ
898 2130 1139 2219 aquosam
1171 2174 1196 2189 ..
1235 2129 1282 2211 (ὃ,

151 2245 310 2340 Ὁμήρῳ
340 2249 387 2334 (δ,
409 2252 483 2332 229)
602 2247 691 2316 eiad·
743 2249 832 2336 229).
856 2237 931 2313 εἶτα
950 2251 1010 2312 καὶ
1029 2245 1082 2315 ὅτι
1105 2248 1155 2348 τῷ
1177 2245 1280 2338 λόγῳ

154 2391 218 2444 τως
247 2357 309 2435 οὖν
343 2369 402 2433 καὶ
432 2369 478 2435 τὸ
509 2371 692 2436 πέπτωκα
745 2372 816 2448 τῆς
859 2370 1002 2466 κοινῆρς
1042 2369 1164 2455 (οἱονεὶ
1197 2369 1281 2452 βρα-

155 2489 227 2551 καὶ
257 2489 471 2575 κέκτημαι
503 2487 692 2586 τῷλόγῳ
739 2490 835 2579 ptiar
865 2491 908 2556 τό
940 2490 1006 2575 m)
1045 2485 1282 2554 διπλασιά-

153 2608 692 2688 τῆςκοινῆςιὶνεὸιπλασι-
746 2612 866 2690 ζεται
906 2612 951 2674 τὸ
990 2609 1178 2688 κέκτηκα
1212 2609 1281 2671 καὶ

150 2729 369 2808 αόθηοαν.
395 2729 480 2816 Περὶ
499 2733 559 2808 τῆς
577 2735 694 2812 κοινῆς
743 2731 970 2813 πέπτωκα,
1139 2729 1279 2815 ἐδείχθη

150 2848 329 2932 συλλαβῆς
350 2851 419 2914 κατ’
441 2849 614 2938 α’κρίβιιαν
744 2851 806 2916 σύν
822 2849 897 2935 θεῷ
916 2851 950 2916 ἐν
967 2851 1012 2941 τῷ
1026 2852 1099 2937 περὶ
1113 2845 1281 2942 ῥημάτων.

152 3015 158 3022 ’
239 3018 360 3085 Mirum
389 3029 473 3089 esset
501 3022 529 3087 si
558 3023 726 3110 utriusque
748 3023 824 3090 libri
853 3023 1010 3090 editorem
1037 3019 1281 3090 celeberrimum

151 3141 216 3206 hoc
248 3139 384 3225 fugisset
391 3165 400 3218 ;
441 3145 498 3226 qui
529 3144 564 3208 in
585 3145 701 3228 Heph.
735 3167 768 3230 p.
795 3145 836 3208 10
866 3143 1007 3210 breviter
1037 3143 1281 3210 similitudinem

150 3259 355 3327 intercedere
377 3261 564 3348 adnotavit,
594 3264 652 3330 sed
675 3286 775 3349 quam
797 3265 866 3332 late
888 3263 950 3330 hoc
966 3257 1160 3350 pertineret,
1188 3264 1279 3349 quid-

151 3401 218 3466 que
247 3389 418 3465 praeterea
437 3383 521 3470 ,inde
551 3383 635 3448 effici
665 3390 793 3472 posset,
829 3387 919 3452 ultra
953 3373 1113 3468 prosequi
1137 3385 1186 3449 illi
1214 3376 1280 3450 non

150 3501 290 3586 placuit.
335 3501 392 3567 Sin
416 3524 488 3569 vero
511 3506 573 3590 ita,
602 3510 638 3570 ut
661 3507 775 3591 negari
797 3513 958 3592 nequeat,
981 3513 1129 3571 constare
1151 3506 1281 3571 videtur
1314 3592 1316 3600 J

152 3643 219 3688 non
241 3621 339 3688 modo
362 3623 529 3709 scripsisse
554 3623 813 3692 Choeroboscum
836 3627 874 3708 de
897 3625 1150 3712 Hephaestionis
1173 3625 1280 3691 enchi-

152 3743 249 3828 ridio,
273 3741 331 3808 sed
353 3744 452 3809 etiam
474 3763 642 3828 superesse
663 3747 798 3832 vestigia
818 3749 977 3814 nonnulla
999 3751 1067 3816 eius
1083 3752 1281 3838 scriptionis,

153 3863 238 3929 nihil
268 3883 346 3930 sane
375 3864 543 3949 antiquius
571 3865 759 3933 habendum
788 3875 836 3933 est
866 3867 945 3954 hoc,
982 3875 1019 3934 ut
1047 3873 1166 3958 omnia,
1195 3893 1280 3956 quae

153 3989 328 4068 praeterea
356 4004 427 4050 eam
450 3986 607 4069 originem
629 3985 780 4071 habeant,
812 3987 978 4074 inquirere
1000 3997 1100 4075 atque
1122 3991 1279 4077 indagare

154 4109 317 4172 conemur.

166 4233 169 4239 ·
1060 4217 1078 4266 4
