3002 4614
631 247 844 358 48-

194 485 381 550 quanquam
397 462 586 530 Bekkernm
615 484 652 530 eo
681 469 827 548 tempore
849 465 1038 550 Dionysium
1064 467 1203 532 edidisse
1232 467 1311 533 obli·
1378 465 1381 468 ’

191 585 379 650 viscendum
400 589 555 669 nonest,
585 605 649 666 qno
672 585 736 666 ipsi
758 579 1041 668 grammaticorum
1063 585 1217 652 historiae
1240 609 1311 672 per·
1397 571 1399 576 ⁸

191 705 287 787 pauci
321 683 623 788 incumberent,u
623 705 824 769 tmateriae
856 709 985 769 tantum
1021 707 1188 790 augendae
1224 707 1311 790 cupi-

193 823 252 889 dus
286 825 451 912 ingentem
484 823 683 888 librorum
674 825 856 888 reinnorum
890 825 1016 906 copiam
1045 831 1250 908 percurreret
1279 831 1313 890 et

195 943 395 1025 excerperet3
425 943 477 1008 cni
505 943 611 1007 labori
640 947 765 1025 quanta
794 941 942 1010 doctrina
971 945 1184 1028 grammatica
1207 927 1313 1010 ‘incre-

194 1067 305 1128 menta
327 1049 459 1146 debeat,
496 1068 590 1146 grato
612 1062 719 1128 animo
739 1061 885 1145 profiteri
907 1067 954 1146 et,
968 1083 1058 1145 qnae
1077 1059 1134 1128 ille
1155 1043 1317 1148 inceperit

193 1179 372 1264 producere
396 1202 502 1264 quam,
525 1201 609 1265 quae
625 1195 697 1246 'non
718 1181 901 1265 perfecerit,
922 1181 1096 1250 lamentari
1119 1183 1221 1248 satius
1244 1203 1320 1262 esse

192 1301 330 1366 videtur.

278 1419 341 1486 Sed
364 1421 471 1484 exeis
494 1441 578 1502 quae
602 1419 760 1504 adscripsi
776 1419 911 1488 Prelleri
928 1421 1036 1491 uerbis
1059 1427 1157 1504 quam
1175 1422 1315 1488 maxime

197 1540 416 1604 necessarium
446 1559 515 1603 esse
538 1539 657 1621 elucet,
688 1544 726 1603 ut
752 1538 857 1604 denuc
873 1539 985 1604 'codex
1007 1539 1063 1604 ille
1085 1531 1263 1606 excutiatur
1286 1546 1317 1605 et

194 1664 365 1730 auctorum
387 1645 520 1724 nomina
542 1639 799 1741 scholiorumque
821 1659 900 1724 ordo
923 1669 1049 1726 summa
1072 1649 1240 1742 diligentia
1262 1659 1314 1724 de-

121 1863 124 1875 ,
197 1775 390 1841 scribantur.
435 1777 536 1854 Quem
565 1777 711 1844 laborem
734 1799 778 1842 ex·
795 1784 886 1862 parte
910 1777 1049 1860 quidem·
1061 1777 1131 1861 ipse
1153 1777 1335 1863 Prellerus⁴

194 1897 337 1980 suscepit
345 1933 371 1979 ,·
389 1897 445 1978 qui
475 1917 558 1979 quae
593 1898 748 1980 aprima
777 1917 879 1980 usque
909 1897 951 1962 ad
980 1897 1117 1962 mediam
1147 1897 1316 1978 septimam

194 2015 438 2100 paragraphum
471 2016 504 2081 in
545 2016 653 2081 codice
685 2015 827 2101 legerat,
862 2017 896 2082 in
933 2023 1093 2081 comment
1079 2016 1219 2094 tationis
1249 2014 1315 2104 §7

195 2135 369 2202 enarravit.
412 2133 462 2198 Ad
491 2134 588 2240 finem
617 2157 694 2200 num
716 2137 914 2219 pervenerit,
940 2137 1066 2218 nescio3
1103 2141 1190 2200 certe
1211 2155 1317 2218 neque

196 2255 225 2319 is
247 2275 352 2336 neque
376 2253 459 2319 alius
482 2233 655 2338 quisquam
677 2254 809 2319 incohat
795 2261 862 2320 tam
884 2247 1016 2340 operam
1039 2233 1200 2336 absolvit3
1217 2275 1317 2337 quare

196 2373 307 2439 oblata
320 2373 439 2438 codicis
456 2373 648 2456 inspiciendi
659 2373 796 2440 facultat
746 2379 814 2440 tate
829 2375 1099 2459 operaepretium
1111 2395 1180 2440 esse
1194 2371 1318 2458 putavi,

194 2493 396 2560 universa
441 2492 636 2558 scholiorum
679 2493 777 2558 series
815 2493 1020 2576 quomodo
1011 2517 1045 2558 m
1080 2493 1320 2578 Hamburgensi

153 2597 155 2602 ’
196 2617 387 2697 comparata
408 2613 462 2696 sit,
485 2612 665 2680 accurate
656 2608 844 2695 mquirere,
865 2612 951 2678 unde
973 2614 1076 2678 multo
1099 2613 1248 2677 rectius'
1240 2635 1316 2697 ram,

198 2737 231 2796 et
261 2731 395 2814 quinam
423 2730 499 2796 libri
526 2715 682 2815 discerpti
712 2733 778 2797 sint
808 2737 841 2796 et
868 2737 1044 2817 praecepta
1073 2723 1203 2817 singula
1231 2711 1318 2797 unde

196 2851 368 2934 fluxerint,
396 2852 552 2934 cognosci
580 2872 676 2936 posse
705 2854 829 2936 opinor.
873 2852 961 2929 Quae
991 2853 1100 2917 omnia
1130 2851 1319 2936 singillatim

198 2939 351 3056 persequi
381 2989 453 3034 eum
482 2991 568 3034 nunc
596 2973 726 3053 quidem
748 2971 881 3055 longum
903 2972 962 3056 sit,
984 2970 1074 3038 haud
1096 2971 1253 3036 absonum
1274 2973 1318 3036 vi-

199 3091 295 3156 detur
323 3089 418 3172 quasi
446 3091 614 3174 specimen
653 3090 816 3173 quoddam
851 3093 949 3158 totius
978 3089 1099 3155 laboris
1128 3066 1318 3174 proponere,

192 3231 263 3293 quc
286 3230 388 3274 unum
410 3209 552 3292 aliquem
580 3211 846 3275 commentarium
871 3215 977 3275 totum
1000 3233 1020 3276 a
1042 3215 1223 3274 ceterorum
1245 3210 1319 3274 reli-

196 3331 285 3412 quiis
314 3349 497 3412 segregem,
527 3330 561 3393 in
595 3328 671 3393 hac·
688 3334 796 3394 autem
822 3351 858 3394 re
887 3329 1045 3414 omnibus,
1075 3349 1158 3412 quae
1187 3333 1318 3412 praesto

140 3497 143 3510 .
199 3447 349 3534 fuerunt,
379 3423 584 3513 discernendi
605 3448 733 3514 indiciis
755 3449 819 3534 uti,
848 3455 886 3514 ut
908 3469 1067 3531 quaenam
1090 3450 1220 3514 omnino
1243 3447 1319 3512 huic

201 3570 323 3635 rationi
345 3567 426 3634 fides
448 3568 599 3632 habenda
621 3570 675 3653 sit,
697 3567 795 3651 plane
815 3568 954 3652 perspici
975 3567 1086 3650 possit.

177 3671 179 3676 ¹
285 3687 393 3769 Atque
414 3688 450 3752 in
472 3692 596 3772 septem
619 3685 750 3771 quidem
771 3687 934 3772 prioribus
949 3685 1163 3770 paragraphis
1178 3707 1250 3750 curn
1271 3707 1319 3769 ea,

203 3827 286 3890 quae
300 3805 462 3872 Prellerus
484 3807 597 3892 edidit,
619 3809 738 3872 iterare
761 3806 918 3890 deberem,
931 3804 1009 3887 quia
1024 3807 1071 3869 eis
1087 3810 1197 3869 cetera
1212 3805 1321 3869 omnia

201 3901 365 4009 nituntur,
394 3945 436 3990 ne
461 3926 596 3992 iteratio
620 3947 750 4012 prorsus
779 3925 904 3990 inutilis
933 3929 1034 4009 esset,
1062 3924 1132 4008 ipse
1160 3923 1319 3989 Prellerus

203 4045 322 4130 effecit,
354 4043 410 4127 qni
432 4067 497 4113 non
517 4045 612 4112 modo
635 4045 675 4110 de
694 4045 926 4126 controversis,
957 4065 1039 4127 quae
1061 4043 1162 4108 videri
1183 4043 1321 4127 possint,
