3002 4614
614 1106 774 1248 Caput
808 1107 873 1221 Π.

489 1344 559 1413 De
605 1343 983 1416 choerobosoo.

685 1523 708 1610 p
731 1523 788 1592 11.

135 1664 150 1672 ⁸
199 1673 202 1677 ’
258 1677 429 1760 Omnium,
464 1696 604 1760 quorum
634 1675 668 1742 in
697 1675 829 1743 scholiis
856 1676 1066 1763 Dionysianis
1095 1677 1229 1744 nomina
1255 1679 1299 1746 le

169 1802 306 1884 guntur,
327 1796 543 1880 interpretum
564 1816 659 1861 nemo
680 1794 818 1862 fortasse
841 1798 947 1880 aptior
969 1802 1031 1882 est,
1055 1795 1094 1862 de
1116 1817 1182 1880 quo
1204 1815 1299 1880 peon-

167 1918 247 1986 liari
268 1915 443 2002 scriptione
465 1922 580 2000 agatur
609 1936 707 1999 quam
721 1914 988 1998 ‘Choerobosoum
1019 1915 1173 1999 quoniam
1193 1937 1299 2001 neque

169 2037 369 2104 testimoniis
392 2035 434 2101 ud
456 2040 599 2100 aetatem
621 2034 843 2118 spectantibus
865 2056 996 2120 prorsus
1020 2034 1165 2102 destituti
1187 2056 1298 2102 sumus

168 2177 278 2240 neque
304 2156 345 2221 de
375 2153 532 2220 librorum
569 2153 695 2220 ambitu
724 2160 758 2220 et
794 2155 930 2222 oonsilio
965 2159 1034 2220 tam
1063 2175 1168 2238 pauca
1192 2155 1299 2220 relata

171 2282 258 2361 sunt,
276 2276 356 2359 quin
379 2275 419 2340 de
441 2263 674 2340 obmmentario
689 2295 820 2358 quoque
835 2273 1068 2360 inDionysium
1090 2273 1212 2357 scripto
1231 2295 1298 2339 oer-

175 2396 238 2460 tius
259 2394 399 2461 iudicari
420 2394 533 2477 possit.
576 2392 719 2458 Exstant
741 2393 827 2458 enim
842 2398 973 2477 praeter
986 2393 1122 2477 parvola
1136 2383 1298 2476 quaedam

172 2515 310 2598 scripta,
340 2512 381 2578 ab
407 2511 492 2578 Aldo
522 2490 698 2580 modrimem
726 2519 855 2598 partem
884 2513 986 2598 edita,
1016 2520 1208 2596 praeterque
1232 2513 1298 2578 alia

168 2633 259 2716 baud
286 2653 392 2718 pauca
419 2653 437 2698 e
465 2631 746 2698 bibliothecarum¹
767 2632 910 2701 tenebris
946 2633 1092 2698 nondum
1120 2623 1297 2717 protracta,
1360 2682 1362 2686 v

168 2773 310 2836 quornm
339 2726 479 2818 indicem
500 2750 640 2817 confecit
662 2751 868 2817 Gaisfordius
889 2753 974 2818 Diet.
998 2751 1033 2816 in
1056 2751 1178 2818 Theod.
1201 2774 1231 2837 p.
1254 2749 1296 2838 V,

165 2871 246 2938 libri
276 2875 357 2953 duo,
387 2871 444 2954 qui
470 2870 542 2936 luee
564 2869 675 2937 donati
697 2870 815 2938 studiis
837 2871 1055 2956 grammaticis
1076 2872 1216 2937 multum
1236 2870 1296 2938 uti·

165 2991 275 3058 litatis
312 2973 500 3056 sederunt.
545 2990 689 3068 Quorum
718 3009 802 3074 quae
831 2992 973 3074 priorem
1001 2992 1108 3058 locum
1137 2989 1297 3076 obtinent,

71 3175 74 3178 .
164 3109 340 3175 Dictata
381 3109 422 3174 in
462 3109 745 3180 Theodosium
778 3131 799 3174 a
835 3107 1021 3177 Gaisiordio
1056 3109 1147 3176 edita
1174 3110 1296 3194 insigni

164 3235 314 3295 veterum
337 3228 624 3314 grammaticorum
646 3229 784 3294 seientia
800 3230 972 3312 excellunt,
989 3234 1027 3294 ut
1042 3234 1200 3313 quantam
1213 3229 1294 3294 eele-

164 3346 310 3416 berrimo
345 3347 525 3414 Herodiani
560 3349 751 3432 sospitatori
787 3323 957 3415 materiam
993 3347 1295 3435 suppeditaverunt,

116 3471 118 3476 ’
165 3467 305 3534 eandem
326 3490 392 3534 non
415 3467 561 3534 dubitem
576 3467 656 3552 quin
671 3467 792 3535 futuris
807 3468 973 3552 Apollonii
987 3467 1178 3551 editoribus,
1196 3466 1293 3554 (quos

165 3607 301 3674 operam
331 3607 424 3654 suam
453 3589 565 3654 multis
588 3563 810 3673 enspeotetam
831 3588 976 3654 nondum
999 3586 1173 3654 absolvisse
1196 3607 1294 3674 aegre

166 3706 324 3792 ferimus)
346 3707 634 3774 subministratum
656 3709 731 3774 sint
775 3706 858 3773 Nam
881 3707 922 3772 de
944 3705 1236 3792 Epimerismis
1254 3709 1294 3776 in

165 3827 368 3911 Petimus,
390 3827 448 3910 qui
467 3829 567 3892 tertio
588 3827 741 3893 editionis
757 3823 1010 3894 Gaisfordianae
1022 3832 1112 3893 tomo
1129 3827 1293 3894 sentimu-

165 3951 230 4031 tur‚
251 3951 352 4031 reete,
373 3952 412 4012 ut
433 3946 559 4032 opinor,
581 3946 737 4012 Lebrsius
760 3945 795 4010 in
808 3946 902 4012 AnoL
910 3945 1031 4013 Herod.
1048 3971 1079 4032 p.
1087 3948 1150 4014 439
1158 3952 1225 4014 not.
1249 3948 1296 4013 sie

166 4067 294 4153 statuit,
315 4045 352 4133 ut
372 4066 415 4132 ab
428 4065 616 4136 Herodiano
638 4088 692 4134 eos
715 4065 949 4136 abiudicandos
970 4089 1040 4134 esse
1055 4073 1217 4150 oenseret;
1240 4066 1293 4132 oui
1353 4085 1355 4092 ’
