3002 4614
691 337 903 406 ...13-

237 507 315 574 oiis
336 514 471 574 totum·
492 507 764 591 Melampodis
794 507 945 575 librum
967 529 986 574 a
1009 507 1160 576 ceteris
1190 529 1363 594 separe-

235 649 342 710 mus,
362 626 537 712 diligenter
558 647 597 690 ao
617 625 713 708 plene
736 645 943 708 exponamus.

762 831 784 919 s
808 833 842 900 a

322 984 606 1070 Paragraphornm
626 985 769 1068 quinque
791 991 904 1068 partes
925 986 1008 1052 satis
1030 991 1063 1052 et
1080 1007 1214 1070 magnas
1230 992 1264 1052 et
1278 985 1364 1052 inte—

237 1125 312 1189 gras
341 1105 445 1190 ipsius
474 1103 592 1170 codicis
620 1105 815 1170 auctoritate
845 1106 909 1169 nisi
931 1105 1145 1190 Melampodis
1175 1125 1245 1170 esse
1258 1117 1259 1120 ’
1274 1106 1364 1170 vide·
1430 1083 1434 1088 ’

233 1245 326 1292 unus:
357 1226 385 1288 1.
407 1225 437 1290 3.
458 1224 488 1288 4.
511 1222 540 1289 5.
564 1223 592 1288 7.
636 1223 723 1300 Quas
753 1223 781 1289 si
810 1225 883 1308 quis
913 1225 1065 1310 aoturate'
1096 1207 1184 1290 inter
1214 1245 1248 1290 so
1271 1245 1364 1308 ,oon-

237 1345 366 1427 tulerit,
413 1343 558 1427 singulas
596 1342 754 1426 quasdam
797 1365 902 1426 neque
943 1363 997 1408 eas
1038 1342 1192 1410 obseruas
1233 1344 1366 1410 dicendi

237 1464 456 1548 proprietates
485 1467 563 1526 ante
593 1462 703 1528 oculos
730 1461 870 1546 versari,
899 1456 1095 1545 ubicumque
1123 1462 1239 1545 pedem
1265 1483 1364 1546 posu-

238 1583 312 1667 erit,
334 1603 407 1648 oum
429 1603 495 1648 non
516 1581 626 1665 fugiet
671 1581 769 1648 Cuius
788 1581 920 1664 quidem
943 1583 1071 1665 generis
1092 1582 1174 1650 illud
1190 1587 1251 1664 est,
1274 1582 1365 1664 quod

237 1700 427 1786 Dionysium
456 1701 491 1766 in
520 1693 632 1766 ceteris
661 1700 792 1766 scholiis
820 1707 947 1766 tautum
975 1721 1040 1766 non
1064 1719 1190 1786 sempor
1211 1702 1262 1766 vel
1285 1723 1364 1787 τεχ-

133 1827 138 1848 *
237 1817 333 1888 νικόν
353 1821 404 1885 vel
426 1818 603 1887 Acerrimas
609 1869 622 1902 ‚
650 1820 683 1884 iu
707 1820 759 1885 his
784 1805 906 1884 autem'
920 1820 1172 1902 saepissime
1193 1820 1364 1902 simplicis·

239 1941 322 2005 sima
342 1933 448 2004 αὐτόν
468 1959 545 2006 voce
566 1938 742 2024 significari
763 1939 923 2004 videmus:
1301 1916 1304 1922 ’

359 2034 483 2142 ’755,13
505 2056 628 2135 αὐτὸς
651 2059 802 2148 ἐπιφέρει

367 2177 459 2260 tuat
504 2172 631 2252 αὐτός
651 2164 801 2264 ἐπιφέρει
838 2243 841 2251 f

367 2297 460 2382 773,5
499 2285 631 2372 ἀὐτὸς
653 2292 793 2373 ἐξέθετο

367 2416 482 2501 naas
503 2412 546 2490 ὡς
569 2417 628 2479 καὶ
649 2412 778 2492 αὐτὸς
797 2415 873 2499 μετ’
884 2413 1009 2501 'til-lyon
1031 2415 1097 2500 ἐρεῖ
1243 2426 1245 2434 ‘

366 2537 482 2621 801,10
504 2531 589 2619 ὅπερ
611 2532 944 2621 autenticorum
1193 2515 1196 2525 s

367 2656 482 2740 801‚18
506 2651 547 2730 ὠς
569 2651 692 2730 αὐτὸς
714 2677 820 2743 φησιν

367 2777 462 2861 802,5
506 2774 636 2850 αὐτὸς
658 2771 699 2841 οὐ
721 2775 811 2860 λέγει

368 2896 462 2980 803,9
506 2891 779 2970 ὦςκαὶαύτός
800 2917 904 2984 φησιν

368 3013 463 3100 805,5
506 3009 641 3088 αὐτὸς
662 3013 814 3100 ἐπιφέρει

368 3134 483 3219 806,Ῑὸ
505 3133 654 3218 ἐπιφέρει
678 3135 738 3197 καὶ
759 3157 782 3196 α
795 3131 891 3210 uiroc

360 3255 484 3339 .813,23
506 3248 550 3328 ὥς
571 3273 677 3341 φησιν
699 3249 830 3330 αὐτός

367 3374 481 3458 slep?
506 3369 549 3447 ὥς
571 3373 629 3436 καὶ
650 3369 778 3450 αὐτός
799 3395 914 3459 φησιν.

326 3494 473 3560 Alterum
496 3497 555 3574 est,
579 3491 667 3574 quod
688 3491 741 3558 hic
764 3493 941 3558 scholiasta
961 3493 1106 3561 mirabili
1126 3492 1235 3558 herole
1257 3493 1366 3576 legen-

242 3611 324 3678 tium
340 3612 543 3697 stupiditatis
558 3611 734 3676 vincendae
750 3610 858 3678 studio
871 3619 1050 3697 permotus,
1072 3611 1367 3680 innumerabilibus

242 3731 310 3796 lere
332 3731 410 3796 loeis
433 3753 488 3816 ea,
518 3751 601 3814 quae
624 3751 724 3816 supra
746 3731 933 3816 disputavit,
962 3731 1050 3798 infra
1071 3733 1205 3816 repetit,
1236 3733 1367 3798 etiamsi

212 3851 215 3858 ’
244 3851 284 3916 de
319 3851 417 3916 rebus
451 3852 539 3937 agit,
581 3870 665 3933 quae
697 3859 739 3916 ne
769 3850 868 3916 verbo
904 3850 1035 3933 quidem
1068 3857 1104 3917 ut
1133 3850 1367 3935 intellegantur

159 4011 162 4018 ι
244 3975 379 4054 egeant;
409 3969 500 4034 addit
527 3970 625 4053 igitur
654 3968 696 4046 ὠς
723 3967 918 4054 προείρηται
944 3970 996 4036 vel
1017 3971 1136 4036 similia
1157 3969 1211 4036 hio
1232 3970 1366 4054 ubique,

143 4079 146 4090 ’
244 4090 344 4156 ceteri
365 4109 526 4172 nusquam
548 4088 632 4170 fere;
655 4090 744 4174 quod
765 4095 919 4158 accurate
940 4089 1200 4175 persequendum
1223 4093 1289 4156 ast:
