3002 4614
665 313 995 380 -.60:..·

192 482 383 580 xpsoricum
413 475 594 561 οὗτος
623 462 710 572 έρεῖς
740 485 776 548 δέ
807 478 934 548 θέλει
963 479 1216 571 ποραφνλακιές
1239 477 1341 568 έχειν,

177 615 180 622 ’
209 607 252 672 ad
288 605 387 670 θέλει
425 604 641 690 supplendum
677 625 746 670 esse
783 601 909 690 τρόπος
941 600 1037 666 facile
1076 603 1120 668 sit
1152 609 1339 686 perspectu.

208 726 277 805 Iam
306 747 382 790 vero
412 724 531 810 ipsum*
548 725 630 788 illud
658 723 850 789 vocabulum
881 722 968 806 quod
999 727 1049 787 est
1072 720 1168 785 θέλει
1197 720 1340 786 ulterius

207 843 438 930 progrediendi
461 845 546 908 viam
573 848 753 928 monstrat,
783 863 855 908 cum
877 840 963 906 idem
985 840 1135 924 Dionysii
1157 839 1340 908 scholiasta

208 965 325 1030 dixerit
346 983 377 1048 p.
400 964 511 1047 829,l:
554 963 652 1048 Τρεῖς
674 962 798 1027 θέλει
826 959 1080 1046 παραφυλακιές
1103 956 1189 1046 έχειν
1210 955 1230 1024 ὁ
1252 961 1366 1048 πρῶ-Ι

209 1107 265 1160 τος
295 1081 424 1168 τρόπος
447 1078 465 1148 ὁ
489 1079 551 1160 την
571 1083 708 1166 μακροὶν
735 1076 782 1156 εἰς
802 1082 965 1170 βραχεῖαν
995 1083 1198 1168 καταφέρων
1224 1083 1258 1144 et
1280 1085 1339 1146 cet.

208 1202 306 1268 Vides
328 1207 470 1267 veterem
497 1200 669 1266 lectionem
699 1202 735 1265 in
757 1201 786 1266 G
809 1206 839 1265 et
861 1200 889 1263 D
912 1201 1084 1284 integram,
1107 1197 1142 1262 in
1172 1198 1197 1262 F
1227 1203 1339 1263 autem

207 1323 256 1387 bio
278 1321 483 1402 immutatam
507 1341 594 1404 esse,
615 1325 660 1385 ut
691 1320 781 1406 λέγει
809 1320 851 1385 ad
876 1317 1155 1404 Hephaestionem
1184 1323 1339 1402 spectans

209 1448 461 1527 supponeretur;
492 1439 579 1505 unde
608 1442 819 1523 consequitur
849 1439 891 1522 Ε,
923 1459 988 1522 quo
1020 1437 1198 1522 exemplari
1228 1438 1342 1504 Draco

207 1583 284 1626 usus
308 1566 374 1645 est,
397 1559 527 1626 scholiis
549 1558 672 1623 nostris
693 1559 719 1624 F
741 1559 840 1642 paulo
862 1559 1022 1641 integrius
1042 1557 1156 1627 luisse.
1199 1556 1339 1623 Minoris

209 1686 259 1746 est
286 1681 442 1746 momenti
472 1679 560 1763 quod
588 1678 622 1742 in
645 1678 670 1742 F
695 1679 793 1763 noa
812 1677 965 1763 Θάτερος
991 1678 1126 1761 legitur,
1156 1697 1229 1742 oum
1252 1683 1287 1742 et
1310 1678 1339 1743 G

209 1805 242 1866 et
264 1801 293 1865 D
317 1797 478 1884 Δεύτερος
507 1797 693 1864 exhibeant.
741 1797 875 1882 Saepius
907 1807 1016 1862 autem
1038 1817 1058 1860 a
1079 1795 1228 1861 Dracone
1252 1817 1340 1862 erra-

207 1926 277 1988 tum
300 1925 357 2002 est,
380 1925 415 1984 ut
436 1937 466 2002 p.
490 1919 524 1983 6:
550 1915 567 1996 ἡ
592 1916 824 2004 περιορωμένη
849 1917 888 2008 τῇ
911 1913 974 2003 πρὸ
997 1911 1106 1996 αὐτῆς
1193 1911 1341 1999 δύναμιν

203 2027 501 2124 χορακτηρίζετοι,
523 2037 579 2102 ubi
594 2037 726 2103 unicam
740 2036 933 2102 medicinam
955 2037 1027 2102 Fet
1048 2036 1077 2100 D
1101 2034 1260 2120 praebent
1283 2033 1339 2102 δέ·

208 2180 308 2241 ναμιν
338 2154 590 2248 χοιρίζετοιιι,
627 2156 714 2238 quod
744 2156 873 2239 saepius
903 2156 1024 2239 legitur
1053 2155 1088 2220 in
1113 2154 1166 2220 his
1199 2155 1340 2222 scholiis.

208 2276 320 2361 Neque
349 2277 455 2343 minus
487 2282 740 2342 consentaneum
779 2281 828 2340 est
857 2275 944 2358 apud
976 2275 1155 2358 Draconem
1184 2294 1216 2357 p.
1244 2274 1341 2358 8,10

209 2418 275 2462 non
297 2395 526 2482 προκειμένης,
550 2395 607 2460 sed
628 2417 700 2460 cum
723 2396 748 2460 F
772 2395 848 2460 etD
871 2393 1110 2482 ἐπιφερομένης
1133 2393 1342 2462 scribendum

212 2537 299 2592 esse3
321 2522 359 2582 ut
382 2517 421 2582 de
444 2516 515 2582 aliis
539 2494 661 2581 taceam
684 2535 768 2598 quae
789 2517 912 2581 leviora
933 2520 1018 2580 sunt.
1158 2505 1164 2511 ⁵

293 2635 323 2701 2.
354 2634 417 2701 Sed
440 2638 536 2701 etiam
559 2656 642 2718 eum,
673 2635 769 2718 'quem
793 2635 819 2698 Ε
843 2634 920 2719 dixi,
947 2633 1068 2699 librum
1091 2633 1203 2698 multis
1227 2633 1341 2718 eisque
1408 2651 1411 2654 ·

211 2755 409 2840 turpissimis
431 2755 519 2820 vitiis
541 2753 697 2819 refertum
728 2753 828 2820 fuisse
851 2753 925 2819 inde
947 2752 1136 2837 intelleges,
1160 2753 1248 2836 quod
1271 2775 1340 2826 sae-

209 2875 284 2958 pius
308 2875 343 2940 in
366 2873 395 2938 G
415 2875 486 2939 etF
502 2876 713 2958 depravatam
735 2873 859 2958 reperis
879 2875 1086 2958 scripturam,
1108 2893 1207 2956 quam
1229 2874 1342 2940 rectis-

213 2995 327 3064 simam
356 2993 488 3058 exhibet
509 2993 547 3057 D.
592 2992 690 3060 Cuius
720 2995 768 3058 rei
799 2993 943 3075 lepidum
974 2993 1154 3077 exemplum
1185 2998 1234 3058 est
1261 2994 1340 3059 hoo:

209 3112 310 3180 schol.
332 3113 426 3178 Dion.
457 3137 487 3198 p.
511 3113 626 3198 830,28
650 3134 715 3196 sq.:
751 3109 860 3193 Ἰδού,
891 3109 909 3178 ὁ
942 3112 1132 3188 τελευταῖος
1157 3110 1250 3188 πούς
1269 3116 1342 3197 (τοῦ

209 3229 327 3298 αἰόλον
360 3227 452 3322 ὅφιν)
484 3237 654 3318 πυρρίχιος
687 3236 748 3317 μὲν
781 3226 940 3320 ὑπάρχει,
1064 3197 1178 3305 έπέιδή
1209 3231 1244 3294 δέ
1278 3233 1341 3314 τήν

210 3347 326 3429 ὀξεῖαν
351 3349 418 3439 ἔχει
448 3351 659 3437 ἐπικειμένην
691 3351 745 3418 έπὶ
773 3352 833 3420 τοῦ
856 3375 892 3432 o,
922 3349 1000 3416 uiuri
1038 3351 1196 3437 τροχαίου
1222 3348 1341 3440 παρεὶ-

212 3474 348 3552 ληπται,
378 3471 436 3538 ubi
464 3479 497 3538 et
524 3473 630 3537 Draco
662 3472 692 3557 6,
722 3472 763 3536 25
793 3477 826 3536 et
849 3471 951 3536 schol.
970 3469 1073 3554 Heph.
1100 3471 1231 3555 noar:
1262 3467 1341 3537 a'urt

214 3577 342 3678 τροπῆς
372 3589 615 3679 παρείληπται,
647 3592 735 3675 quod
764 3559 939 3656 absurdum
962 3596 1017 3656 est.
1062 3589 1168 3668 Quare
1192 3590 1341 3656 dubitare

129 3719 134 3728 ’
212 3726 291 3812 uoli,
314 3729 394 3812 quin
416 3725 572 3814 τροχαίου
594 3727 784 3813 compendio
807 3730 965 3813 scriptum
981 3748 1054 3793 cum
1071 3693 1132 3812 apd
1156 3725 1212 3812 (of.
1233 3725 1341 3792 Bastii

214 3867 326 3912 comm.
350 3848 415 3932 pal.
436 3868 467 3932 p.
491 3849 566 3933 846)
595 3847 765 3916 confusum
797 3849 848 3913 sit.
892 3885 934 3894 -—
978 3847 1126 3914 Alterum
1157 3848 1340 3929 exemplum

215 3987 281 4034 non
311 3968 417 4034 minus
447 3968 646 4036 luculentum
676 3969 835 4053 praebent
864 3965 964 4034 schol.
993 3965 1254 4051 Heph.117‚11:
1282 3968 1341 4045 τῆς

213 4082 282 4173 γάρ
312 4087 557 4175 περιςπωμένης
586 4091 617 4152 ἐκ
647 4086 710 4154 δύο
741 4085 835 4154 τότε
866 4089 1079 4171 συγκειμένης
1107 4085 1240 4157 conlata
1267 4107 1341 4154 cum
