3002 4614
683 329 893 398 „22

299 498 397 566 Cuius
420 501 547 584 generis
570 500 669 564 etiam
691 500 719 563 is
741 499 830 564 locus
853 503 903 563 est
910 548 919 583 ,
948 499 981 563 in
1004 519 1099 582 quem
1122 499 1222 584 paulo
1245 519 1337 565 accu-

213 619 317 685 ratius
346 621 510 703 inquirere
539 639 625 686 nnnc
647 617 740 683 nobis
769 618 1017 703 proposuimus:
1033 603 1114 693 ,n'on
1143 619 1237 702 quasi
1264 640 1339 684 curn

213 741 392 823 pulvisculo
423 740 511 822 qnod
540 738 651 802 dicunt
681 737 849 802 exhaurire
879 759 974 821 posse
1005 739 1114 802 omnia
1135 737 1228 802 nobis
1251 737 1338 802 vide-

214 880 323 945 amur,
353 879 437 943 quae
460 837 591 923 adrem
613 857 700 922 illam
726 857 792 924 late
821 862 985 940 patentem
1014 857 1179 941 pertinere
1208 857 1337 938 scimus,

213 979 271 1044 sed
291 985 327 1044 ut
348 978 415 1045 alia
437 977 625 1043 incubemus
647 997 731 1060 quae
753 976 817 1039 huc
838 997 940 1058 usque
954 983 1073 1069 ,spreta
1094 975 1250 1060 iecerunt,
1272 977 1340 1041 alia

213 1097 312 1182 paulo
335 1097 462 1181 longius
485 1085 719 1180 producamus,
743 1115 825 1177 quae
853 1091 1044 1178 inceperunt
1066 1097 1167 1180 magis
1190 1094 1339 1160 homines

214 1217 302 1282 docti
338 1237 436 1298 quam
472 1215 688 1306 absolverunt.
740 1214 879 1278 Maxime
916 1221 1025 1280 autem
1054 1216 1089 1280 in
1118 1214 1179 1280 hac
1208 1215 1340 1296 quidem

216 1336 488 1432 disputationum.
503 1341 598 1418 parte
631 1335 665 1398 in
695 1335 775 1418 ipsis
803 1332 934 1416 scholiis
964 1355 1139 1417 eorumque
1168 1341 1200 1400 et
1228 1341 1339 1401 auoto-

215 1455 305 1520 ribns
328 1460 360 1518 et
381 1453 526 1520 fontibus
544 1448 753 1518 versabimur.
767 1473 807 1516 ex
828 1458 922 1535 parte
944 1453 1151 1536 indagandis,
1181 1475 1222 1517 ne
1251 1455 1339 1518 hano

215 1573 346 1658 quidem
372 1594 441 1638 rem
464 1573 505 1638 ad
527 1571 624 1636 finem
646 1571 854 1655 perducturi,
885 1571 940 1636 sed
972 1593 1010 1635 ea
1039 1577 1167 1637 tantum
1191 1573 1339 1657 allaturi,

214 1714 299 1777 quae
322 1699 391 1758 arte
412 1693 499 1757 inter
514 1713 547 1757 se
560 1691 766 1758 cohaerentia
782 1711 848 1756 una
862 1691 981 1756 modici
997 1691 1139 1758 ambitus
1162 1693 1340 1778 scriptione

214 1812 385 1895 complecti
406 1831 502 1894 posse
524 1811 616 1875 nobis
631 1809 828 1876 videbamur.
861 1809 944 1875 Nam
965 1816 1096 1894 praeter
1118 1832 1183 1895 eoa,
1200 1833 1340 1894 quorum

214 1933 314 1998 libros
344 1932 378 1996 in
414 1931 610 1996 scholiorum
644 1928 835 1994 collectione
866 1931 1018 2014 legimus,
1055 1929 1203 2014 Dionysii
1236 1930 1338 1996 inter-

216 2058 326 2137 pretes
349 2052 446 2118 etiarn
469 2049 527 2115 alii
546 2048 634 2114 haud
656 2050 748 2132 pauci
771 2053 917 2132 exstant,
947 2070 1085 2132 quorum
1106 2070 1148 2115 ne
1171 2051 1340 2116 nominum

215 2157 347 2254 quidem
369 2169 507 2235 indicem
525 2165 682 2257 'accurate
705 2169 918 2252 compositum
940 2167 1003 2234 huc
1030 2191 1133 2252 usque
1154 2168 1339 2253 habuimus,
1381 2177 1383 2183 '

215 2295 253 2354 ut
267 2289 380 2354 mirari
394 2289 463 2354 iure
478 2289 583 2372 possis
605 2287 778 2372 permulta,
802 2307 884 2370 quae
906 2287 960 2351 hic
977 2287 1046 2353 illic
1068 2288 1109 2353 ad
1131 2288 1215 2354 hanc
1237 2294 1339 2354 mate-

215 2408 299 2505 riam
321 2406 505 2492 spectantia
526 2428 546 2471 a
566 2407 644 2472 viris
666 2406 861 2472 doctissimis
883 2406 984 2474 allata
1006 2413 1099 2492 sunt,
1121 2414 1249 2474 tantum
1271 2430 1340 2474 non

216 2528 364 2594 omnibns
396 2525 595 2608 contemptui
628 2545 707 2590 esse.
757 2526 949 2608 Quanquam
980 2527 1022 2591 ad
1053 2525 1225 2596 historiam
1260 2528 1340 2594 olim

216 2647 446 2730 pertexendam
476 2666 542 2711 non
571 2663 709 2727 parvam*
741 2643 854 2712 tulerit
881 2645 1171 2712 instrumentorum
1200 2647 1339 2733 copiam,

160 2779 162 2782 ’
217 2765 274 2849 qni
296 2767 346 2831 vel
365 2765 514 2848 colligere
544 2769 577 2830 et
599 2764 770 2848 disponere
792 2763 950 2848 voluerit,
980 2785 1064 2846 qnae
1093 2765 1172 2830 locis
1201 2765 1339 2832 diversis

215 2886 264 2952 illi
287 2885 479 2966 docuerunt3
510 2890 548 2950 ut
576 2883 616 2950 dc
642 2883 852 2967 Moschopulo
874 2882 1068 2950 Ritschelins
1103 2883 1143 2950 de
1165 2884 1239 2950 Nilo
1261 2883 1340 2950 Pas·

217 3005 325 3070 sosius
361 2981 407 3068 de¹
431 3003 510 3088 aliis
534 3003 590 3068 alii
619 3023 703 3086 quae
730 2988 984 3098 praeceperunt,
1018 3004 1089 3085 quis
1119 3023 1158 3068 ea
1185 3003 1246 3069 sub
1272 3025 1338 3070 uno

217 3144 362 3207 unquam
384 3128 556 3224 conspectu
578 3123 711 3205 posuit?
755 3121 817 3200 Qui
842 3121 973 3205 quidem
995 3121 1154 3206 quomodo
1177 3121 1338 3206 paulatim

218 3242 366 3326 Dionysii
395 3242 573 3307 doctrinam
602 3242 758 3307 verterint
787 3243 938 3306 auxerint
967 3241 1225 3326 emendaverint,
1258 3219 1338 3326 quo·

174 3408 175 3412 η
219 3361 313 3426 modo
340 3361 427 3426 inter
450 3381 483 3425 se
512 3361 726 3446 cohaereant,
754 3367 793 3426 ut
814 3362 952 3444 exempli
980 3359 1088 3444 gratia
1118 3361 1207 3445 apud
1227 3361 1339 3428 Nilum

218 3481 374 3546 nonnulla
395 3465 603 3565 heperiamus,
626 3501 709 3563 quae
731 3501 803 3546 cum
817 3480 965 3564 Dionysii
984 3480 1130 3544 versione
1144 3480 1340 3546 Armeniaca

220 3601 432 3681 congruentia
455 3601 536 3686 sint,
557 3637 600 3648 —
621 3599 703 3666 haec
721 3600 833 3666 omnia
845 3573 1026 3664 ⁸observare
1047 3617 1126 3664 sane
1147 3599 1283 3664 0101110
1305 3605 1340 3664 01

219 3718 394 3784 iucundum
416 3727 471 3785 est.
505 3699 506 3706 ¹

306 3837 393 3902 Utile
421 3844 454 3903 et
475 3839 651 3904 iucundum
672 3844 736 3914 est;
763 3860 839 3904 nam
868 3857 1052 3921 quanquam
1080 3835 1252 3902 nonnullos
1274 3833 1338 3900 for·

185 4035 187 4048 ,
220 3962 307 4022 tasse
348 3958 466 4023 multos
506 3979 593 4042 esse,
634 3960 690 4045 qui
727 3958 913 4024 huiusmodi
949 3957 1077 4024 labores
1117 3961 1339 4040 contemnant,

221 4083 257 4143 tu
295 4075 420 4148 frustra
459 4098 592 4162 operam
627 4077 864 4164 consumpsisse
902 4076 1101 4144 contendant
1133 4077 1191 4162 qui
1221 4077 1256 4144 in
1289 4076 1338 4144 eis
1372 4085 1376 4094 “
