3002 4614
614 316 831 404 Γον-

110 533 118 552 .
160 483 347 550 tribuendis
376 486 486 570 agitur
511 509 542 570 p.
566 486 676 570 824,3;
723 483 754 552 τί
776 491 811 555 δὲ
833 486 986 576 διαφέρει
1009 449 1145 566 οὗτοςιὸ
1168 485 1292 574 τρόπος

159 600 378 690 (οοὶ1.ἔργον)
405 606 467 670 τοῦ
494 605 557 692 πρό
589 605 695 672 αὐτοῦ
724 608 805 680 (scil.
827 604 968 694 a'yprie)‚·
992 601 1062 674 Ὅτι
1097 605 1115 676 ὁ
1144 615 1205 695 μὲν
1227 609 1290 691 τήν

160 716 238 802 ἑξῆς
267 721 335 811 ἔχει
354 723 425 814 clad
447 725 747 810 συμπεπλεγμένου
776 714 957 815 συμφώνου
980 725 1180 814 ἀρχομένην,
1213 728 1293 798 rid&
1319 731 1326 744 ⁸

159 839 380 930 προκείμενος
417 843 465 918 ὠς
498 842 539 910 ἕν
576 843 803 911 διαστάσει
843 840 887 910 roi
919 843 1089 934 σύμφωνα.
1139 849 1289 936 Denique

146 940 242 1028 ‘haec
271 963 359 1028 inter
387 985 420 1028 se
443 965 662 1049 comparanda
684 971 779 1050 sunt,
811 966 878 1030 sive
908 963 950 1029 ad
979 987 1047 1030 rem
1071 969 1138 1034 sive
1161 971 1201 1034 ad
1225 991 1290 1036 ser-

158 1103 289 1149 monem
313 1088 455 1168 spectas:

203 1201 701 1287 Sch01.Dion.p.827,1e:aaaa
795 1202 901 1270 Schol.
933 1203 1039 1289 Heph.
1072 1208 1205 1290 male:
1248 1205 1290 1274 ‘H

144 1321 227 1408 ,γὰρ
255 1321 375 1402 calcari
403 1321 553 1412 συλλαβή
583 1321 617 1387 ἐκ
638 1327 702 1401 τῆς
752 1320 817 1407 γοὶρ
846 1318 1086 1401 α’νάοαυσις
1109 1323 1291 1413 τοῦλόγου

159 1437 433 1518 ἀναπαύσεως
449 1441 571 1530 χρόνον
592 1465 700 1531 παρα·
752 1439 814 1518 τὰς
844 1440 1014 1532 optasses
1043 1443 1103 1509 ἀπ’
1132 1445 1291 1526 ἀλλήλων

158 1556 336 1648 λαμβάνει.
746 1558 948 1649 χωρίζουσα.

671 1851 694 1938 a
717 1851 774 1920 ιο.

245 2040 284 2104 In
301 2059 423 2122 eorum,
445 2060 528 2123 quae
547 2038 716 2124 hucusque
739 2041 845 2132 attuli,
870 2045 1137 2124 argumentorum
1155 2064 1289 2110 numero

157 2159 186 2223 si
208 2160 284 2242 quis
308 2160 516 2260 nonnulla
538 2157 644 2224 inesse
666 2160 858 2242 contendat,
882 2161 1003 2244 quibus
1026 2169 1112 2228 certo
1135 2183 1174 2228 ac
1195 2161 1288 2230 firmo

156 2278 376 2344 ratiocinandi
403 2277 615 2345 fundamento
638 2279 685 2344 uti
713 2278 809 2362 nolit,
840 2278 964 2348 habeat
991 2279 1069 2346 sibi!
1115 2279 1199 2348 Nam
1223 2281 1288 2349 alia

156 2404 301 2481 restant,
339 2419 476 2481 quorum
511 2399 575 2462 vim
612 2419 786 2482 agnoscere
820 2398 874 2463 vix
907 2401 1081 2485 quisquam
1115 2403 1287 2467 recusabit.
1377 2423 1380 2428 ’

115 2591 123 2610 Ι
157 2517 223 2586 Sed
253 2519 384 2584 etiamsi
413 2519 522 2584 omnia
551 2517 649 2582 missa
679 2517 834 2602 facerem,
864 2539 963 2584 unum
994 2520 1158 2603 quoddam
1185 2521 1286 2587 multo

156 2639 204 2702 eis
242 2657 326 2720 quae
358 2637 451 2704 attuli
479 2629 610 2720 ghavius
640 2642 673 2726 et
709 2658 835 2703 summa
865 2641 1042 2705 attentione
1073 2640 1207 2724 dignum
1237 2662 1287 2706 ac-

160 2757 301 2822 cederet.
485 2736 488 2750 ¹

243 2876 383 2944 Exstant
422 2878 457 2940 in
491 2875 623 2942 scholiis
653 2875 923 2961 Hephaestioneis
959 2877 1128 2944 Heliodori
1164 2879 1289 2946 metrici

156 2995 343 3080 framenta
371 2996 472 3062 multa
502 3016 604 3078 eaque
626 2996 814 3082 utilissima,
837 3018 974 3080 qnorum
998 3019 1165 3064 numerum
1190 2999 1288 3066 etiam

157 3121 291 3180 auctum
313 3115 370 3198 iri,
389 3111 564 3181 'si‘omnes
593 3115 718 3181 codices
739 3137 778 3184 ea
803 3137 869 3200 qua
889 3137 951 3202 par
973 3123 1020 3184 est
1042 3117 1213 3202 diligentia
1236 3139 1287 3182 cx-

157 3236 244 3301 cussi
277 3241 390 3326 crunt,
426 3234 601 3300 verisimile
631 3235 765 3304 ridetur.
809 3237 854 3304 Ut
888 3255 907 3302 c
936 3236 1047 3302 codice
1073 3235 1287 3304 Saibantiano

159 3353 365 3420 Gaisfordius
397 3354 487 3420 haud
516 3343 621 3437 pauca
652 3354 769 3438 edidit,
808 3377 891 3439 quae
926 3363 984 3421 aut
1010 3377 1144 3440 prorsus
1174 3355 1288 3439 ignota

156 3473 304 3557 fuerant,
343 3480 400 3540 aut
433 3474 560 3538 nullum
596 3475 738 3540 auctoris
767 3494 886 3540 nomen
915 3474 1114 3552 habuerant3
1150 3497 1214 3558 quo
1247 3497 1287 3540 ex
1402 3549 1404 3552 ¹

157 3599 402 3678 numerosum,
426 3613 509 3677 quae
535 3594 573 3660 dc
597 3593 765 3660 duodecim
788 3594 931 3680 syllabae
944 3594 1098 3678 ancipitis
1116 3594 1288 3679 generibus

158 3713 415 3798 praecipiuntur.
460 3713 543 3778 Nam
567 3714 654 3796 quod
675 3713 872 3798 Hephaestio
896 3713 1066 3796 docuerat,
1089 3714 1213 3798 triplici
1235 3735 1286 3780 ra-

159 3834 249 3899 tione
276 3831 437 3919 syllabam
466 3834 642 3918 ancipitem
669 3807 827 3918 produci,
855 3832 889 3898 id
911 3833 944 3898 in
967 3826 1100 3898 scholiis
1122 3833 1287 3900 veteribus

123 3964 125 3968 ’
157 3972 188 4036 p.
200 3953 315 4038 114,13
331 3955 379 4019 ed.
396 3951 509 4019 Westf.
527 3953 574 4018 sic
594 3952 764 4038 refutatur,
786 3958 824 4018 ut
845 3952 975 4020 tertium
998 3973 1098 4038 genus
1121 3955 1154 4020 iu
1177 3953 1287 4020 decem

159 4073 281 4156 species
304 4071 512 4138 dividendum
535 4094 603 4140 esse
628 4071 832 4159 ostendatur,
856 4095 938 4158 quas
962 4074 1105 4158 singulas
1120 4093 1286 4140 recensere
