3002 4614
628 327 967 394 -31--·

163 495 315 566 tudinem
344 497 497 564 editionis
532 497 755 595 Belrkerianae
784 499 939 565 accedens
969 499 1111 581 plurima
1140 503 1291 584 excerpta

163 618 329 684 diminuta
357 617 571 682 multifariam
598 618 686 684 inter
714 641 748 683 se
763 618 910 686 confusa
933 609 1080 703 exhibet,
1110 623 1149 682 ut
1177 619 1211 683 in
1233 619 1309 682 hac

162 745 260 824 parte
299 735 437 832 eundem
475 736 645 806 librarium
681 759 760 804 non
805 739 998 821 integros
1031 735 1183 820 libros,
1228 737 1295 802 sed

121 929 132 958 N
163 844 452 940 excerptorum
490 857 790 923 collectionem
827 858 877 923 ad
906 879 1066 923 manum
1096 855 1294 922 habuisse

163 975 336 1062 probabile
366 977 418 1040 sit
461 976 533 1055 Qua
561 999 595 1042 re
625 978 722 1042 nimis
754 977 867 1042 mirari
895 976 1012 1058 nolim,
1056 975 1144 1059 quod
1172 975 1294 1040 iactum

164 1095 416 1179 eseeflridemus,
437 1096 471 1162 in
493 1097 604 1180 priore
626 1103 720 1180 parte
741 1096 843 1180 ipsius
862 1096 1078 1178 Melampodis
1100 1095 1220 1160 librum
1243 1118 1294 1168 cx·

163 1201 324 1310 haustum
344 1236 414 1280 esse
441 1237 508 1281 non
535 1215 665 1298 multis,
700 1223 736 1281 ut
765 1217 897 1300 opinor,
927 1217 1066 1290 omissis;
1100 1216 1134 1279 in
1157 1215 1295 1309 alteram

77 1357 80 1361 ·
163 1343 274 1402 autem
297 1333 492 1400 scholiorum
514 1334 712 1418 farraginem
734 1335 899 1418 quandam
921 1341 1084 1420 receptam
1098 1355 1295 1404 csseearum

164 1455 318 1541 similem,
341 1475 425 1537 quae
447 1456 546 1520 etiam
568 1475 653 1519 nunc
676 1461 814 1537 exstant,
836 1457 871 1520 in
893 1476 959 1538 qua
980 1475 1045 1520 non
1068 1453 1293 1538 Melampodis,

164 1575 225 1640 sed
246 1573 414 1640 Diomedis
440 1595 558 1640 nomen
585 1573 661 1638 libri
687 1575 774 1641 illius
796 1575 979 1658 fragmenta
1008 1572 1293 1656 praeseferrent

162 1692 304 1760 Accedit
335 1691 423 1776 qued
458 1692 618 1758 nonnulia
650 1673 709 1759 sed
740 1713 847 1776 pauca
881 1700 1052 1780 praeterea
1079 1691 1294 1776 Melampodis

163 1813 353 1897 fragmenta
374 1813 409 1876 in
432 1810 493 1876 hac
508 1817 601 1896 parte
616 1813 764 1898 dispersa
779 1821 867 1898 sunt,
889 1813 1007 1896 quibus
1022 1814 1148 1878 nullum
1164 1813 1294 1878 omnine

69 2015 72 2028 Ι
164 1955 285 1999 nomen
315 1931 502 2016 adpositum
537 1931 595 2007 sit;
633 1932 671 1998 de
709 1934 755 1998 eis
788 1933 910 2012 dicam,
949 1935 977 1998 si
1007 1932 1138 1998 uberius
1162 1917 1295 1998 dstote

165 2054 275 2118 altera
295 2055 397 2135 parte
413 2050 598 2135 disputabo.
925 2137 928 2146 Ι

253 2174 325 2238 Iam
346 2191 423 2238 vero
454 2170 497 2236 ad
524 2169 668 2236 codicem
693 2171 945 2256 Neapolitanum
966 2173 1228 2258 progrediamur,
1257 2175 1296 2236 ut

110 2334 115 2343 »
171 2291 252 2374 qnid
281 2288 358 2356 inde
387 2289 570 2355 sententiae
599 2311 699 2375 supra
728 2293 895 2377 expositae
924 2293 1134 2359 emolumenti
1158 2296 1296 2377 ¹capiant

174 2429 413 2494 cognoscamus
1020 2408 1021 2412 ’
1209 2411 1211 2432 ”

677 2615 719 2702 ,5
741 2618 775 2686 9.

122 2762 125 2770 ’
192 2760 197 2774 '
254 2769 302 2835 Ao
333 2768 474 2852 primurn
507 2769 742 2854 Melampodem
772 2771 1051 2856 Hamburgensem
1081 2745 1115 2837 in
1149 2773 1295 2838 codice

167 2886 436 2971 Neapolitano
466 2909 592 2972 semper
614 2889 803 2959 Diomedem
825 2891 932 2957 vocari
954 2894 1049 2958 modo
1073 2893 1153 2968 dixi;
1182 2894 1294 2975 itaque

148 3010 198 3074 'si
220 3029 275 3092 ea,
304 3029 387 3091 quaa
409 3007 622 3092 Melampodis
649 3030 719 3074 esse
749 3011 938 3104 ¹conicienda
965 3009 1129 3078 effecimus
1135 3061 1145 3096 ‚
1177 3013 1209 3077 in
1232 3012 1294 3075 hoc

167 3129 256 3194 libro
277 3127 427 3194 Diomedi
449 3128 615 3211 adscripta
637 3128 846 3212 videbimuss
861 3151 979 3196 novum
1008 3130 1073 3196 hoc
1096 3133 1195 3213 idque
1217 3131 1294 3195 satis

168 3254 292 3314 certum
314 3248 536 3314 testimonium
557 3248 744 3314 habendum
765 3251 843 3334 erit,
865 3251 908 3316 ad
929 3273 1029 3316 unum
1050 3251 1142 3316 illum
1164 3248 1295 3334 librum,

168 3366 319 3449 quisquis
340 3386 416 3430 eum
438 3367 579 3452 scripsit,
601 3366 683 3432 haec
704 3369 813 3434 omnia
834 3369 1003 3440 referenda
1024 3391 1104 3436 esse.
1215 3401 1219 3408 ·

257 3485 306 3550 De
326 3486 476 3552 universo
499 3493 610 3552 autern
632 3486 693 3552 hoc
715 3486 825 3552 codice
848 3487 1019 3554 dicendum
1040 3495 1104 3574 est,
1127 3495 1294 3574 praestare

171 3605 254 3670 tiam
283 3605 350 3672 eius
377 3604 412 3670 in
442 3604 504 3672 hec
531 3606 736 3688 potissimum
764 3609 906 3689 positam
935 3629 1022 3692 esse,
1052 3609 1140 3691 quod
1162 3610 1295 3692 quinam

172 3729 321 3788 auctores
351 3723 486 3806 singulis
507 3724 705 3805 scholiorum
735 3725 896 3808 capitibus
918 3727 1090 3794 materiam
1113 3727 1295 3813 suppedita-

173 3842 296 3927 verint,
311 3843 504 3934 'rectissime
532 3843 566 3910 in
596 3865 634 3908 eo
663 3843 823 3927 traditur,
847 3848 1038 3920 ‘accuratius
1067 3850 1167 3914 etiam
1196 3870 1294 3931 qnam

173 3961 208 4026 in
230 3960 482 4045 Hamburgensi‚
503 3960 561 4028 ubi
582 3964 713 4050 uomina
734 3983 830 4046 saepe
852 3968 1082 4048 praetermissa
1102 3974 1188 4036 sunt.
1335 3943 1337 3948 Ι

242 4079 382 4148 „Contra
423 4082 528 4166 ipsum
568 4081 762 4148 scholiorum
801 4083 976 4174 ordinem„
1001 4109 1096 4170 quem
1128 4088 1294 4170 praeclare
