3002 4614
671 333 879 398 -54.¹.

214 503 280 570 Ubi
325 503 434 570 nescio
475 509 604 570 rectene
649 525 683 569 se
725 503 847 569 habeat
890 503 991 571 altero
1034 503 1105 585 loeo
1157 511 1344 590 μετρικοῖς,·

214 625 354 710 primum
385 624 471 690 enim
500 645 558 688 cur
583 623 733 705 metrico,
766 625 822 706 qui
852 623 891 688 de
917 623 1013 688 rebus
1044 625 1187 689 metricis
1218 633 1343 710 ageret,

216 741 277 808 hoc
299 744 505 809 adiciendum
527 743 624 808 fuerit
645 765 711 808 non
734 742 887 826 dispicio;
910 750 978 808 tum
1002 765 1077 808 vero
1100 745 1239 809 alterum
1261 745 1344 812 illud

215 883 288 928 eum
317 863 379 928 hoc
409 868 631 947 comparatum
655 864 791 928 suadere
812 861 958 946 ridetur,
988 870 1023 928 ut
1048 871 1218 949 ριετρικοῖς
1239 873 1344 930 mute-

215 1005 304 1068 mus,
359 1003 544 1066 quanquam
589 969 794 1064 neduaquem
838 981 967 1047 defendi
1009 981 1092 1047 illud
1136 1003 1232 1068 posse
1276 1007 1344 1052 non

217 1101 404 1188 dixer·im.*)

266 1226 272 1241 ‘
300 1221 476 1305 Pergamus
511 1219 553 1285 ad
583 1215 665 1284 alia:
705 1221 740 1285 in
767 1219 890 1286 scholio
926 1221 1020 1286 valde
1056 1221 1221 1306 mutilato,
1254 1225 1344 1307 quod

217 1339 335 1406 Aneod.
351 1341 445 1422 828ss
469 1346 586 1422 exstat,
611 1361 694 1422 qnae
717 1342 751 1404 in
774 1339 838 1406 fine
860 1342 1035 1425 perierunt,
1058 1363 1098 1406 ex
1120 1331 1219 1407 schol.
1236 1343 1342 1428 Heph.

219 1459 332 1541 166,19
364 1461 514 1544 supplere
543 1466 652 1543 potes3
688 1458 757 1524 illio
779 1459 865 1526 enim
887 1460 1025 1544 legitur:
1062 1455 1166 1544 ὁμὲν
1188 1455 1342 1548 α’μφὶμα-

217 1604 296 1665 κρος
320 1578 409 1643 κατὰ
431 1579 494 1655 τήν
517 1575 631 1664 τρίτην
653 1578 830 1662 συλλαβήν
853 1581 912 1644 καὶ
934 1578 1023 1644 κατα
1048 1579 1107 1646 τὸν
1129 1576 1248 1667 τρίτον
1271 1583 1344 1667 (leg.

216 1702 357 1784 πρῶτον)
396 1696 521 1786 τρόπον
557 1700 614 1776 τῆς
650 1703 764 1778 κοινῆς
793 1700 959 1787 συλλαβῆς
1074 1707 1180 1766 cetera
1216 1701 1344 1767 desunt.

167 1811 169 1815 ’
219 1815 446 1904 (θεραπεύεται
474 1819 690 1902 supplendum
721 1840 790 1884 esse
820 1819 920 1884 schol.
950 1819 1053 1902 Heph.
1084 1817 1219 1909 docent:
1268 1821 1345 1909 Χρή

217 1941 252 2025 δὲ
275 1936 451 2023 γινώσκειν
473 1933 525 2002 ύτι
548 1937 567 2002 o'
589 1935 850 2026 παλιμβάκχειος
879 1934 929 2013 εἰς
957 1935 1018 2016 τὴν
1039 1937 1201 2023 δευτέραν
1224 1941 1346 2004 cotta·

215 2058 283 2139 βήν
313 2056 631 2142 θεραπεύεται,
726 2054 744 2122 ὁ
768 2057 802 2120 δὲ
825 2055 1047 2146 αἷμφέμακρος
1076 2056 1162 2120 κατα
1184 2057 1248 2137 τήν
1272 2056 1347 2144 τρὶ-

218 2198 297 2256 την;
320 2199 395 2240 nam
419 2174 622 2260 θεραπεύειν
642 2177 843 2261 vocabulum,
867 2179 945 2244 satis
968 2178 1000 2268 id
1023 2179 1057 2241 in
1080 2177 1212 2244 scholiis
1234 2180 1347 2244 metri-

217 2297 262 2362 cis
284 2297 469 2381 vulgatum,
499 2319 734 2380 nonnunquam
765 2298 863 2362 etiarn
893 2297 927 2361 in
954 2297 1170 2380 grammaticis
1192 2297 1227 2361 in
1250 2321 1348 2364 usum

217 2423 350 2482 vocatur
372 2421 409 2480 ut
432 2439 463 2501 p.
486 2417 618 2500 822335
641 2417 768 2500 stem.

302 2536 375 2601 Alia
397 2537 557 2620 quaedam
579 2537 614 2599 in
636 2536 736 2600 schol.
758 2534 862 2618 Heph.
886 2556 923 2600 eo
951 2557 1054 2618 usque
1082 2535 1230 2600 breviata
1261 2544 1346 2622 sunt,

217 2662 253 2721 ut
288 2655 433 2720 difficilia
464 2655 632 2720 intellectu
661 2657 744 2736 sint,
778 2676 850 2719 cum
878 2654 913 2718 in
946 2654 1119 2720 Anacdotis
1153 2655 1284 2738 plenius
1317 2663 1349 2722 et

218 2777 338 2840 rectius
362 2774 588 2855 exhibeantur3
611 2782 647 2840 ut
668 2774 768 2849 schol.
790 2773 894 2857 Heph.
921 2775 1110 2858 115‚14sq.:
1136 2771 1264 2838 τούτων
1286 2762 1349 2841 οὖν

219 2895 280 2958 τών
304 2894 402 2976 τριῶν
425 2890 558 2980 τρόπων
581 2895 663 2970 (scil.
690 2894 748 2972 τῆς
771 2893 899 2976 κοινῆς)
928 2889 1029 2976 ὁμὲν
1056 2892 1158 2978 φύσει
1181 2895 1348 2980 φαίνεται

219 3067 415 3079 ιον--υου-Βκ

273 3158 309 3229 “*)
329 3165 453 3218 Ceterum
471 3163 543 3234 quod
562 3163 595 3216 de
614 3163 719 3215 musicis
737 3162 764 3214 in
789 3161 897 3233 syllabis
916 3164 1040 3235 oxytonis
1065 3165 1263 3220 retardantibus
1286 3185 1349 3222 nar-

219 3262 305 3315 ratur,
332 3249 513 3304 testimonium
531 3249 602 3302 haud
620 3249 798 3317 spernendum
816 3249 920 3302 videtur
940 3251 990 3314 eis,
1020 3251 1065 3320 qui
1083 3251 1198 3305 Graecos
1224 3252 1349 3308 homines

219 3339 335 3392 oannina
353 3335 396 3390 vel
413 3334 556 3389 recitantes
573 3334 615 3388 vel
634 3343 759 3388 canentes
778 3350 934 3390 accentuum
953 3335 1054 3390 nullam
1072 3337 1197 3392 habuisse
1215 3338 1348 3392 rationem

221 3425 271 3476 sibi
291 3423 450 3492 persuadere
475 3429 624 3492 nequeant,
651 3438 683 3472 ne
709 3420 742 3472 de
766 3419 804 3474 eis
828 3421 928 3486 dicam,
956 3422 1001 3492 qui
1024 3441 1057 3476 ne
1081 3423 1108 3476 in
1132 3421 1220 3476 soluta
1238 3423 1364 3494 quidem.

219 3507 339 3560 oratione
367 3517 491 3560 accentus
513 3505 610 3559 iustam
635 3505 689 3559 vim
714 3505 855 3571 habuisse,
885 3507 931 3559 sed
955 3505 1029 3561 velut
1052 3506 1214 3562 aviculorum
1239 3517 1347 3563 cantum

223 3594 358 3663 quendam
375 3609 501 3646 sonorum
520 3592 688 3646 altitudinem
706 3590 749 3644 vel
767 3591 871 3646 auxisse
889 3590 932 3644 vel
950 3592 1075 3647 minuisse
1094 3594 1265 3647 contendant.

289 3679 320 3731 In
339 3677 376 3732 eis
394 3687 494 3744 autem,
514 3678 628 3749 quaein
647 3676 729 3732 schol.
750 3677 840 3746 Heph.
860 3695 922 3730 mox
939 3677 1105 3734 subiciuntur
1123 3697 1147 3749 p.
1158 3683 1245 3744 93,1o,
1266 3697 1348 3750 grave

226 3765 360 3836 quoddam
379 3763 542 3821 vitiumhac
560 3764 698 3818 occasione
717 3763 858 3816 emendare
877 3760 976 3816 liceatr'

283 3850 320 3900 Ἡ
335 3852 362 3901 δὲ
381 3853 559 3918 περισπωμίνη
578 3853 632 3901 ἐστὶ
649 3853 701 3900 τῶν
720 3847 783 3913 δύο,
809 3851 856 3914 τῆς
872 3854 921 3916 μὲν
943 3853 1046 3919 μακρᾶς
1076 3851 1222 3920 βραχυτέρα
1245 3854 1296 3916 τῆς
1320 3854 1348 3904 <ll

219 3941 346 4004 βραχείας
363 3941 529 4006 μακροτέρας
556 3937 622 3990 haec
640 3945 780 4008 propterca
797 3953 876 3988 sensu
895 3943 999 4002 carent,
1023 3937 1087 4008 quia
1103 3944 1165 4008 post
1180 3938 1348 4006 adraliuter-

221 4023 285 4077 cidit
308 4027 375 4092 μίση
400 4022 444 4088 (cf.
463 4021 538 4074 Bast.
559 4038 653 4076 comm.
673 4023 727 4094 pal.
747 4041 774 4092 p.
793 4025 860 4089 818,
878 4024 954 4087 825),
982 4029 1012 4078 ut
1037 4024 1074 4079 sic
1097 4022 1266 4099 scribendum
1291 4044 1349 4080 esse

222 4117 365 4180 appareat:
403 4111 593 4178 ΙΙερισπωμένη
612 4101 775 4177 [adnullati
791 4111 843 4159 τῶν
862 4105 908 4161 δύο
928 4147 969 4162 ...
