3002 4614
664 330 873 394 „40-

205 504 424 587 adstipulatus
454 508 504 567 est
532 501 687 567 Lentzius
717 504 751 565 in
780 498 881 583 praef.
909 497 1028 564 Herod.
1052 521 1083 583 p.
1108 495 1204 578 cclv
1226 499 1332 581 magis

206 631 340 708 propter
369 622 508 705 ,dicendi
538 621 717 702 rationem,
748 640 833 703 quae
861 619 1052 702 magistrum
1082 617 1212 681 infimae
1234 621 1335 680 notae

205 743 346 826 prodet‘,
377 763 474 825 quam
500 745 637 824 propter
667 761 719 803 res
749 726 1009 805 a'Ohoerobosci
1037 736 1187 802 doctrina
1215 735 1333 802 abhor-

207 869 323 926 rentes.
374 861 566 942 Quanquam
595 860 700 923 inesse
729 846 881 923 videntur
902 857 1062 930 nonnulle,
1081 855 1190 919 aliena
1211 853 1252 919 ab
1276 854 1335 939 eis,

92 963 93 970 ά
207 1003 290 1064 quae
314 979 445 1048 aliunde
468 953 631 1061 novimus,
656 976 872 1041 Choerobosoi
894 976 1094 1060 praeceptis3
1124 980 1162 1038 ut
1183 993 1214 1057 p.
1237 973 1333 1056 5427

208 1095 443 1180 μεσότητος
472 1095 690 1182 ἒππιρήματο
720 1097 886 1180 uulgarem
916 1095 1100 1180 opinionem
1130 1099 1260 1160 secutus
1293 1116 1334 1160 ea

209 1219 308 1302 dixit,
346 1237 443 1301 quae*
464 1215 552 1298 μετά
582 1213 762 1300 ἀρσενικοῦ
795 1215 849 1278 καὶ
881 1215 1041 1292 detonet]
1070 1213 1128 1277 καὶ
1156 1209 1336 1298 οὐδετέρου

210 1341 351 1418 κεῖνται,
376 1332 462 1420 *quod
485 1341 596 1402 eontra
617 1337 652 1402 in
667 1335 798 1400 scholiis
808 1335 1013 1420 Dionysiunis
1029 1357 1060 1418 p.
1070 1333 1186 1417 94036
1196 1331 1336 1399 Choero-

208 1458 297 1523 bosoi
319 1457 448 1521 nomine
472 1455 637 1538 adscripto
667 1455 749 1521 hae'o
778 1454 946 1542 leguntur3
975 1452 1082 1539 μὲοω
1112 1450 1179 1536 γάρ
1211 1445 1338 1532 τρόπον

199 1567 287 1639 ’ττνά
309 1572 486 1658 ὀνομάτων
508 1595 543 1638 τε
568 1573 625 1636 καὶ
640 1569 898 1666 ἐπιρρημάτων·
925 1573 984 1648 τάς
1005 1576 1068 1656 μὲν
1090 1571 1155 1658 γάρ
1178 1566 1337 1655 ὑπάρξεις

210 1685 245 1775 ἐξ
272 1692 444 1772 ὀνομάτων
474 1689 601 1780 ἔχουσι,
633 1690 694 1768 τάς
723 1692 758 1755 δὲ
788 1689 986 1770 καταλήξτις
1011 1675 1075 1756 ’καὶ
1104 1685 1279 1767 συντάξεις
1301 1687 1336 1766 ἐξ

210 1811 451 1899 ἐπιρρημάτων.
478 1887 480 1892 ,

207 1963 210 1972 ’
296 1935 442 1999 Alterum
477 1931 693 1998 Ohoerobosoi
734 1931 853 1996 librum
892 1931 1062 1995 Cramerus
1095 1929 1337 1996 Aneodotorum
1418 1979 1422 1982 .

212 2035 445 2118 Oxoniensium
466 2052 623 2116 volumini
653 2051 749 2116 altori
777 2049 927 2116 inseruit:
965 2047 1337 2133 Ortho‘grephiam,

211 2183 310 2256 quum
339 2173 433 2252 ualde
462 2170 646 2236 mutilatam
675 2171 774 2252 inque
803 2169 983 2264 breviorem
1010 2169 1148 2234 formam
1170 2168 1338 2233 redemtam

169 2340 174 2344 -
213 2313 282 2356 esse
305 2298 338 2356 et
369 2313 408 2356 ex
429 2290 626 2374 ipsotitulo
654 2289 855 2372 intellegitur
885 2294 918 2352 et
947 2288 1078 2353 aliunde
1096 2287 1183 2354 setis
1205 2286 1340 2370 probari

212 2417 326 2494 potest

298 2530 386 2606 Quae
408 2550 483 2594 vero
505 2535 677 2613 praeterea
700 2527 943 2592 Choerobosous
966 2528 1112 2611 scripsit,
1135 2545 1249 2598 eorum
1271 2524 1340 2590 feli·

211 2650 294 2713 citer
316 2649 447 2730 oceidit,
476 2657 512 2713 ut
534 2653 568 2713 ot
589 2648 692 2733 ipsius
714 2653 747 2712 et
774 2648 911 2712 eliorum
932 2645 1125 2712 testimoniis
1147 2645 1199 2710 usi
1220 2663 1341 2722 memo-

213 2769 296 2834 riam
325 2768 558 2852 propemodum
588 2774 774 2834 restaurare
803 2764 972 2849 possimus.
1019 2763 1064 2830 Of.
1085 2768 1218 2848 praeter
1248 2763 1341 2830 Gais-

97 2921 101 2938 ·
214 2886 354 2952 sordium
382 2889 402 2952 l.
425 2909 449 2951 s.
473 2909 497 2951 s.
527 2886 697 2970 Uhligium
725 2887 761 2951 in
790 2885 873 2950 Mus.
903 2883 1004 2949 Rhen.
1033 2891 1054 2950 t.
1073 2882 1160 2948 'xlx
1189 2905 1220 2965 p.
1241 2883 1282 2947 38
1311 2890 1343 2948 et

213 3013 235 3091 t.
253 3007 343 3072 XXV
357 3029 390 3090 p.
408 3007 446 3070 71
470 3009 504 3070 et
517 3006 668 3076 Hostium
691 3007 724 3070 in
736 3005 854 3071 Annal.
869 3004 982 3086 philol.
999 3003 1125 3067 &1872
1147 3024 1178 3085 p.
1197 3001 1259 3066 268
1277 3022 1341 3084 sq.;

215 3127 271 3208 qui
293 3145 377 3208 quae
400 3124 588 3206 docuerunt,
612 3126 657 3188 eis
682 3125 839 3199 nonnulle
860 3125 924 3187 iam
945 3121 1072 3186 edicere
1093 3122 1196 3215 lineat.

731 3412 752 3498 e
776 3411 831 3482 ιτ.

301 3601 561 3668 Choerobosoum
612 3601 954 3667 commentarium
1008 3599 1047 3664 in
1097 3597 1344 3680 Dionysium

217 3722 415 3786 Thracem
445 3719 613 3804 scripsisse
642 3725 787 3795 constat3
819 3719 909 3784 ouius
939 3739 1011 3782 eum
1032 3719 1067 3782 in
1089 3717 1170 3782 Diot.
1193 3739 1224 3800 p.
1248 3715 1343 3797 692st

217 3843 287 3922 ipse
308 3841 506 3906 mentionem
528 3839 658 3925 feeerit,
685 3841 830 3906 ordinem
853 3856 925 3902 eum
947 3835 982 3901 in
1003 3843 1140 3918 utroque
1162 3833 1246 3900 libro
1270 3835 1343 3900 illu·

217 3959 352 4026 strando
382 3980 449 4024 non
477 3960 577 4026 ulium
603 3961 747 4026 tenuisse
776 3978 814 4022 ne
843 3978 894 4022 res
916 3954 1105 4040 flagitabat,
1128 3954 1203 4019 inde
1226 3974 1344 4038 cogno·

176 4097 185 4103 ’
217 4079 333 4154 mitum
370 4099 447 4146 nem
469 4077 644 4146 Theodosii
673 4097 812 4144 oenones
839 4078 874 4143 in
903 4074 1161 4160 magistellorum
1189 4074 1344 4159 Byzanti·
