<?xml version="1.0" encoding="UTF-8"?>
<!DOCTYPE html PUBLIC "-//W3C//DTD XHTML 1.0 Transitional//EN"
    "http://www.w3.org/TR/xhtml1/DTD/xhtml1-transitional.dtd">
<html xmlns="http://www.w3.org/1999/xhtml" xml:lang="en" lang="en">
 <head>
  <title>
</title>
<meta http-equiv="Content-Type" content="text/html;charset=utf-8" />
  <meta name='ocr-system' content='tesseract 3.04.00' />
  <meta name='ocr-capabilities' content='ocr_page ocr_carea ocr_par ocr_line ocrx_word'/>
</head>
<body>
  <div class='ocr_page' id='page_1' title='image "./dedionysiithrac00hoergoog_0041.png"; bbox 0 0 3002 4614; ppageno 0'>
   <div class='ocr_carea' id='block_1_1' title="bbox 637 311 847 377">
    <p class='ocr_par' dir='ltr' id='par_1_1' title="bbox 637 311 847 377">
     <span class='ocr_line' id='line_1_1' title="bbox 637 311 847 377; baseline -0.005 -16"><span class='ocrx_word' id='word_1_1' title='bbox 637 311 847 377; x_wconf 66' lang='lat'>..30-</span> 
     </span>
    </p>
   </div>
   <div class='ocr_carea' id='block_1_2' title="bbox 182 481 1383 2244">
    <p class='ocr_par' dir='ltr' id='par_1_2' title="bbox 182 481 1383 2244">
     <span class='ocr_line' id='line_1_2' title="bbox 267 481 1309 567; baseline 0.002 -19"><span class='ocrx_word' id='word_1_2' title='bbox 267 481 332 548; x_wconf 86' lang='lat' dir='ltr'><strong>Sed</strong></span> <span class='ocrx_word' id='word_1_3' title='bbox 352 482 414 548; x_wconf 90' lang='lat' dir='ltr'><strong>hoc</strong></span> <span class='ocrx_word' id='word_1_4' title='bbox 436 482 506 546; x_wconf 91' lang='lat' dir='ltr'><strong>loco</strong></span> <span class='ocrx_word' id='word_1_5' title='bbox 528 481 668 564; x_wconf 89' lang='lat' dir='ltr'><strong>denique</strong></span> <span class='ocrx_word' id='word_1_6' title='bbox 689 503 790 547; x_wconf 91' lang='lat' dir='ltr'><strong>unum</strong></span> <span class='ocrx_word' id='word_1_7' title='bbox 812 481 1013 549; x_wconf 83' lang='lat' dir='ltr'><strong>afferendum</strong></span> <span class='ocrx_word' id='word_1_8' title='bbox 1035 489 1094 566; x_wconf 87' lang='lat' dir='ltr'><strong>est,</strong></span> <span class='ocrx_word' id='word_1_9' title='bbox 1118 484 1207 567; x_wconf 89' lang='lat' dir='ltr'><strong>quod</strong></span> <span class='ocrx_word' id='word_1_10' title='bbox 1225 485 1309 550; x_wconf 80' lang='lat' dir='ltr'><strong>sotis</strong></span> 
     </span>
     <span class='ocr_line' id='line_1_3' title="bbox 183 597 1309 685; baseline 0.004 -21"><span class='ocrx_word' id='word_1_11' title='bbox 183 601 366 666; x_wconf 87' lang='lat' dir='ltr'><strong>mirandum</strong></span> <span class='ocrx_word' id='word_1_12' title='bbox 390 602 525 667; x_wconf 82' lang='lat' dir='ltr'><strong>videtur.</strong></span> <span class='ocrx_word' id='word_1_13' title='bbox 570 600 653 666; x_wconf 83' lang='lat' dir='ltr'><strong>Nom</strong></span> <span class='ocrx_word' id='word_1_14' title='bbox 675 603 764 685; x_wconf 92' lang='lat' dir='ltr'><strong>quod</strong></span> <span class='ocrx_word' id='word_1_15' title='bbox 786 602 962 667; x_wconf 79' lang='lat' dir='ltr'><strong>Mauricius</strong></span> <span class='ocrx_word' id='word_1_16' title='bbox 985 597 1181 668; x_wconf 86' lang='lat' dir='ltr'><strong>Schmidtius</strong></span> <span class='ocrx_word' id='word_1_17' title='bbox 1203 605 1224 668; x_wconf 93' lang='lat' dir='ltr'><strong>l.</strong></span> <span class='ocrx_word' id='word_1_18' title='bbox 1241 625 1266 668; x_wconf 91' lang='lat' dir='ltr'><strong>s.</strong></span> <span class='ocrx_word' id='word_1_19' title='bbox 1283 625 1309 667; x_wconf 87' lang='lat' dir='ltr'><strong>s.</strong></span> 
     </span>
     <span class='ocr_line' id='line_1_4' title="bbox 182 718 1309 804; baseline 0.004 -20"><span class='ocrx_word' id='word_1_20' title='bbox 182 739 214 802; x_wconf 92' lang='lat' dir='ltr'><strong>p.</strong></span> <span class='ocrx_word' id='word_1_21' title='bbox 236 718 300 784; x_wconf 75' lang='lat'><strong>250</strong></span> <span class='ocrx_word' id='word_1_22' title='bbox 327 741 362 786; x_wconf 94' lang='lat' dir='ltr'><strong>se</strong></span> <span class='ocrx_word' id='word_1_23' title='bbox 392 721 659 786; x_wconf 81' lang='lat' dir='ltr'><strong>animadvertisse</strong></span> <span class='ocrx_word' id='word_1_24' title='bbox 688 723 752 804; x_wconf 85' lang='lat' dir='ltr'><strong>ait,</strong></span> <span class='ocrx_word' id='word_1_25' title='bbox 788 722 824 786; x_wconf 90' lang='lat' dir='ltr'><strong>in</strong></span> <span class='ocrx_word' id='word_1_26' title='bbox 853 728 999 788; x_wconf 84' lang='lat' dir='ltr'><strong>extreme</strong></span> <span class='ocrx_word' id='word_1_27' title='bbox 1026 728 1156 788; x_wconf 79' lang='lat' dir='ltr'><strong>tanturn</strong></span> <span class='ocrx_word' id='word_1_28' title='bbox 1186 721 1309 788; x_wconf 88' lang='lat' dir='ltr'><strong>codicis</strong></span> 
     </span>
     <span class='ocr_line' id='line_1_5' title="bbox 182 840 1310 926; baseline 0.001 -20"><span class='ocrx_word' id='word_1_29' title='bbox 182 840 439 923; x_wconf 79' lang='lat' dir='ltr'><strong>Hamburgensis</strong></span> <span class='ocrx_word' id='word_1_30' title='bbox 474 847 569 926; x_wconf 83' lang='lat' dir='ltr'><strong>purte</strong></span> <span class='ocrx_word' id='word_1_31' title='bbox 601 845 838 924; x_wconf 82' lang='lat' dir='ltr'><strong>&#39;nonnunquam</strong></span> <span class='ocrx_word' id='word_1_32' title='bbox 868 841 1038 908; x_wconf 84' lang='lat' dir='ltr'><strong>Diomedis</strong></span> <span class='ocrx_word' id='word_1_33' title='bbox 1066 863 1184 908; x_wconf 91' lang='lat' dir='ltr'><strong>nomen</strong></span> <span class='ocrx_word' id='word_1_34' title='bbox 1214 841 1310 907; x_wconf 78' lang='lat' dir='ltr'><strong>efferi</strong></span> 
     </span>
     <span class='ocr_line' id='line_1_6' title="bbox 185 960 1383 1046; baseline 0.003 -22"><span class='ocrx_word' id='word_1_35' title='bbox 185 960 327 1042; x_wconf 75' lang='lat'><strong>(935,10;</strong></span> <span class='ocrx_word' id='word_1_36' title='bbox 349 961 480 1046; x_wconf 57' lang='lat'>9373&amp;</span> <span class='ocrx_word' id='word_1_37' title='bbox 502 961 633 1045; x_wconf 86' lang='lat'>941‚13;</span> <span class='ocrx_word' id='word_1_38' title='bbox 655 961 787 1045; x_wconf 83' lang='lat'><strong>946,14;</strong></span> <span class='ocrx_word' id='word_1_39' title='bbox 809 961 919 1046; x_wconf 77' lang='lat' dir='ltr'><strong>947‚o;</strong></span> <span class='ocrx_word' id='word_1_40' title='bbox 942 961 1052 1046; x_wconf 77' lang='lat'>954,4;</span> <span class='ocrx_word' id='word_1_41' title='bbox 1072 963 1181 1046; x_wconf 80' lang='lat'><strong>957,7;</strong></span> <span class='ocrx_word' id='word_1_42' title='bbox 1204 962 1310 1046; x_wconf 59' lang='lat' dir='ltr'><strong>eeu&amp;</strong></span> <span class='ocrx_word' id='word_1_43' title='bbox 1380 1007 1383 1016; x_wconf 82' lang='lat'>·</span> 
     </span>
     <span class='ocr_line' id='line_1_7' title="bbox 184 1079 1312 1166; baseline 0.001 -22"><span class='ocrx_word' id='word_1_44' title='bbox 184 1080 314 1165; x_wconf 82' lang='grc'><strong>967,14;</strong></span> <span class='ocrx_word' id='word_1_45' title='bbox 343 1081 491 1166; x_wconf 76' lang='grc'><strong>970,19),</strong></span> <span class='ocrx_word' id='word_1_46' title='bbox 520 1079 555 1144; x_wconf 94' lang='lat' dir='ltr'><strong>id</strong></span> <span class='ocrx_word' id='word_1_47' title='bbox 578 1102 644 1162; x_wconf 93' lang='lat' dir='ltr'><strong>quo</strong></span> <span class='ocrx_word' id='word_1_48' title='bbox 665 1086 800 1164; x_wconf 75' lang='lat' dir='ltr'><strong>spectet,</strong></span> <span class='ocrx_word' id='word_1_49' title='bbox 829 1087 899 1146; x_wconf 85' lang='lat' dir='ltr'><strong>tum</strong></span> <span class='ocrx_word' id='word_1_50' title='bbox 922 1082 1051 1148; x_wconf 91' lang='lat' dir='ltr'><strong>demum</strong></span> <span class='ocrx_word' id='word_1_51' title='bbox 1073 1101 1258 1166; x_wconf 67' lang='lat' dir='ltr'><strong>cognosces</strong></span> <span class='ocrx_word' id='word_1_52' title='bbox 1282 1082 1312 1146; x_wconf 87' lang='lat' dir='ltr'><strong>si</strong></span> 
     </span>
     <span class='ocr_line' id='line_1_8' title="bbox 183 1189 1311 1285; baseline 0.002 -21"><span class='ocrx_word' id='word_1_53' title='bbox 183 1221 289 1284; x_wconf 81' lang='lat' dir='ltr'><strong>pauca</strong></span> <span class='ocrx_word' id='word_1_54' title='bbox 317 1200 399 1264; x_wconf 82' lang='lat' dir='ltr'><strong>haec</strong></span> <span class='ocrx_word' id='word_1_55' title='bbox 424 1199 567 1268; x_wconf 83' lang='lat' dir='ltr'><strong>frustula</strong></span> <span class='ocrx_word' id='word_1_56' title='bbox 596 1189 741 1264; x_wconf 86' lang='lat' dir='ltr'><strong>eiusdem</strong></span> <span class='ocrx_word' id='word_1_57' title='bbox 770 1200 846 1266; x_wconf 87' lang='lat' dir='ltr'>libri</span> <span class='ocrx_word' id='word_1_58' title='bbox 867 1221 937 1265; x_wconf 89' lang='lat' dir='ltr'><strong>esse</strong></span> <span class='ocrx_word' id='word_1_59' title='bbox 960 1201 1180 1285; x_wconf 79' lang='lat' dir='ltr'><strong>perspexeris,</strong></span> <span class='ocrx_word' id='word_1_60' title='bbox 1211 1221 1311 1284; x_wconf 91' lang='lat' dir='ltr'><strong>quem</strong></span> 
     </span>
     <span class='ocr_line' id='line_1_9' title="bbox 182 1318 1310 1405; baseline 0.002 -23"><span class='ocrx_word' id='word_1_61' title='bbox 182 1320 374 1398; x_wconf 90' lang='lat' dir='ltr'><strong>continuum</strong></span> <span class='ocrx_word' id='word_1_62' title='bbox 395 1322 430 1384; x_wconf 92' lang='lat' dir='ltr'><strong>in</strong></span> <span class='ocrx_word' id='word_1_63' title='bbox 451 1321 558 1402; x_wconf 86' lang='lat' dir='ltr'><strong>priore</strong></span> <span class='ocrx_word' id='word_1_64' title='bbox 581 1318 777 1383; x_wconf 82' lang='lat' dir='ltr'><strong>scholiorum</strong></span> <span class='ocrx_word' id='word_1_65' title='bbox 798 1326 895 1404; x_wconf 79' lang='lat' dir='ltr'><strong>parte</strong></span> <span class='ocrx_word' id='word_1_66' title='bbox 910 1326 1037 1386; x_wconf 79' lang='lat' dir='ltr'><strong>exstare</strong></span> <span class='ocrx_word' id='word_1_67' title='bbox 1053 1321 1196 1405; x_wconf 82' lang='lat' dir='ltr'><strong>exposui.</strong></span> <span class='ocrx_word' id='word_1_68' title='bbox 1224 1319 1310 1386; x_wconf 83' lang='lat' dir='ltr'><strong>Num</strong></span> 
     </span>
     <span class='ocr_line' id='line_1_10' title="bbox 184 1436 1309 1524; baseline -0.001 -21"><span class='ocrx_word' id='word_1_69' title='bbox 184 1438 356 1504; x_wconf 80' lang='lat' dir='ltr'><strong>Diomedes</strong></span> <span class='ocrx_word' id='word_1_70' title='bbox 385 1439 464 1522; x_wconf 87' lang='lat' dir='ltr'><strong>iste,</strong></span> <span class='ocrx_word' id='word_1_71' title='bbox 498 1438 555 1510; x_wconf 92' lang='lat' dir='ltr'><strong>ubi</strong></span> <span class='ocrx_word' id='word_1_72' title='bbox 583 1463 614 1523; x_wconf 90' lang='lat' dir='ltr'><strong>p.</strong></span> <span class='ocrx_word' id='word_1_73' title='bbox 638 1439 753 1523; x_wconf 61' lang='lat' dir='ltr'><strong>seule</strong></span> <span class='ocrx_word' id='word_1_74' title='bbox 776 1461 810 1504; x_wconf 89' lang='lat' dir='ltr'><strong>se</strong></span> <span class='ocrx_word' id='word_1_75' title='bbox 832 1441 939 1524; x_wconf 88' lang='lat' dir='ltr'><strong>ipsum</strong></span> <span class='ocrx_word' id='word_1_76' title='bbox 961 1441 1147 1524; x_wconf 79' lang='lat' dir='ltr'><strong>exscripsit:</strong></span> <span class='ocrx_word' id='word_1_77' title='bbox 1184 1436 1225 1514; x_wconf 76' lang='grc' dir='ltr'><strong>ὡς</strong></span> <span class='ocrx_word' id='word_1_78' title='bbox 1249 1442 1309 1502; x_wconf 86' lang='grc' dir='ltr'><strong>καὶ</strong></span> 
     </span>
     <span class='ocr_line' id='line_1_11' title="bbox 182 1553 1310 1644; baseline 0 -22"><span class='ocrx_word' id='word_1_79' title='bbox 182 1553 312 1642; x_wconf 69' lang='grc' dir='ltr'><strong><em>μεταξύ</em></strong></span> <span class='ocrx_word' id='word_1_80' title='bbox 351 1559 415 1623; x_wconf 78' lang='grc' dir='ltr'><strong><em>τῶν</em></strong></span> <span class='ocrx_word' id='word_1_81' title='bbox 452 1555 660 1640; x_wconf 73' lang='grc' dir='ltr'><strong><em>δύολόγων</em></strong></span> <span class='ocrx_word' id='word_1_82' title='bbox 697 1557 760 1635; x_wconf 69' lang='grc' dir='ltr'><strong><em>τήν</em></strong></span> <span class='ocrx_word' id='word_1_83' title='bbox 800 1555 1081 1644; x_wconf 79' lang='grc' dir='ltr'><strong><em>ἐνοπὸκριτον</em></strong></span> <span class='ocrx_word' id='word_1_84' title='bbox 1116 1558 1310 1642; x_wconf 68' lang='grc' dir='ltr'><strong><em>στιγμήν</em></strong></span> 
     </span>
     <span class='ocr_line' id='line_1_12' title="bbox 184 1674 1310 1765; baseline 0.001 -24"><span class='ocrx_word' id='word_1_85' title='bbox 184 1675 378 1752; x_wconf 73' lang='grc' dir='ltr'><strong><em>τίθεσθαι,</em></strong></span> <span class='ocrx_word' id='word_1_86' title='bbox 406 1674 448 1752; x_wconf 82' lang='grc' dir='ltr'><strong>ὠς</strong></span> <span class='ocrx_word' id='word_1_87' title='bbox 471 1679 529 1740; x_wconf 85' lang='grc' dir='ltr'><strong>καὶ</strong></span> <span class='ocrx_word' id='word_1_88' title='bbox 553 1677 586 1742; x_wconf 79' lang='grc' dir='ltr'><strong>ἐν</strong></span> <span class='ocrx_word' id='word_1_89' title='bbox 608 1675 655 1761; x_wconf 64' lang='grc' dir='ltr'><strong><em>τῷ</em></strong></span> <span class='ocrx_word' id='word_1_90' title='bbox 678 1681 751 1765; x_wconf 70' lang='grc' dir='ltr'><strong>περὶ</strong></span> <span class='ocrx_word' id='word_1_91' title='bbox 778 1681 920 1764; x_wconf 70' lang='grc' dir='ltr'><strong><em>στιγμῆς</em></strong></span> <span class='ocrx_word' id='word_1_92' title='bbox 949 1680 1081 1765; x_wconf 71' lang='grc' dir='ltr'><strong><em>εἴρηται</em></strong></span> <span class='ocrx_word' id='word_1_93' title='bbox 1105 1676 1206 1762; x_wconf 76' lang='grc' dir='ltr'><em>ἡμῖν,</em></span> <span class='ocrx_word' id='word_1_94' title='bbox 1237 1679 1310 1744; x_wconf 88' lang='lat' dir='ltr'><strong>sine</strong></span> 
     </span>
     <span class='ocr_line' id='line_1_13' title="bbox 183 1772 1310 1883; baseline 0 -19"><span class='ocrx_word' id='word_1_95' title='bbox 183 1772 252 1864; x_wconf 70' lang='lat' dir='ltr'><strong>ulls</strong></span> <span class='ocrx_word' id='word_1_96' title='bbox 278 1797 482 1863; x_wconf 70' lang='lat' dir='ltr'><strong>dubitatione</strong></span> <span class='ocrx_word' id='word_1_97' title='bbox 511 1797 554 1861; x_wconf 81' lang='lat' dir='ltr'><strong>ed</strong></span> <span class='ocrx_word' id='word_1_98' title='bbox 582 1817 621 1862; x_wconf 83' lang='lat' dir='ltr'><strong>eo</strong></span> <span class='ocrx_word' id='word_1_99' title='bbox 648 1799 812 1883; x_wconf 85' lang='lat' dir='ltr'><strong>respexit,</strong></span> <span class='ocrx_word' id='word_1_100' title='bbox 843 1819 926 1882; x_wconf 82' lang='lat' dir='ltr'><strong>quae</strong></span> <span class='ocrx_word' id='word_1_101' title='bbox 955 1798 1195 1883; x_wconf 81' lang='lat' dir='ltr'><strong>Humburgensi</strong></span> <span class='ocrx_word' id='word_1_102' title='bbox 1224 1805 1310 1864; x_wconf 88' lang='lat' dir='ltr'><strong>teste</strong></span> 
     </span>
     <span class='ocr_line' id='line_1_14' title="bbox 182 1915 1309 2003; baseline 0 -21"><span class='ocrx_word' id='word_1_103' title='bbox 182 1917 364 2001; x_wconf 81' lang='lat' dir='ltr'><strong>Melampus</strong></span> <span class='ocrx_word' id='word_1_104' title='bbox 387 1937 417 2000; x_wconf 89' lang='lat' dir='ltr'><strong>p.</strong></span> <span class='ocrx_word' id='word_1_105' title='bbox 442 1917 557 2000; x_wconf 59' lang='lat' dir='ltr'><strong>luunt</strong></span> <span class='ocrx_word' id='word_1_106' title='bbox 579 1939 627 2001; x_wconf 89' lang='lat' dir='ltr'><strong>sq.</strong></span> <span class='ocrx_word' id='word_1_107' title='bbox 651 1921 838 2001; x_wconf 82' lang='lat' dir='ltr'><strong>scripserat:</strong></span> <span class='ocrx_word' id='word_1_108' title='bbox 862 1915 881 1996; x_wconf 80' lang='grc' dir='ltr'><em>ἡ</em></span> <span class='ocrx_word' id='word_1_109' title='bbox 905 1922 940 1985; x_wconf 77' lang='grc' dir='ltr'><strong>δὲ</strong></span> <span class='ocrx_word' id='word_1_110' title='bbox 962 1916 1154 2003; x_wconf 77' lang='grc' dir='ltr'><strong><em>ὑποοτιγμὴ</em></strong></span> <span class='ocrx_word' id='word_1_111' title='bbox 1177 1915 1197 1998; x_wconf 75' lang='grc' dir='ltr'><strong><em>ἡ</em></strong></span> <span class='ocrx_word' id='word_1_112' title='bbox 1220 1918 1309 1983; x_wconf 82' lang='grc' dir='ltr'><strong><em>ἐνο-</em></strong></span> 
     </span>
     <span class='ocr_line' id='line_1_15' title="bbox 183 2034 1311 2124; baseline 0.004 -24"><span class='ocrx_word' id='word_1_113' title='bbox 183 2034 388 2122; x_wconf 84' lang='grc' dir='ltr'><strong><em>ιτόκριτος</em></strong></span> <span class='ocrx_word' id='word_1_114' title='bbox 412 2035 550 2102; x_wconf 72' lang='grc' dir='ltr'><strong><em>τίθεται</em></strong></span> <span class='ocrx_word' id='word_1_115' title='bbox 652 2041 687 2102; x_wconf 78' lang='grc' dir='ltr'><strong>ἐν</strong></span> <span class='ocrx_word' id='word_1_116' title='bbox 708 2047 783 2111; x_wconf 81' lang='grc' dir='ltr'><strong><em>ταῖς</em></strong></span> <span class='ocrx_word' id='word_1_117' title='bbox 799 2035 924 2123; x_wconf 76' lang='grc' dir='ltr'><em>ὀρθαῖς</em></span> <span class='ocrx_word' id='word_1_118' title='bbox 940 2039 1119 2124; x_wconf 75' lang='grc' dir='ltr'><strong><em>περιόδοις,</em></strong></span> <span class='ocrx_word' id='word_1_119' title='bbox 1135 2039 1311 2105; x_wconf 73' lang='grc' dir='ltr'><strong><em>τουτέστιν</em></strong></span> 
     </span>
     <span class='ocr_line' id='line_1_16' title="bbox 182 2145 1311 2244; baseline -0.003 -23"><span class='ocrx_word' id='word_1_120' title='bbox 182 2153 241 2222; x_wconf 70' lang='grc' dir='ltr'><strong>ὅτε</strong></span> <span class='ocrx_word' id='word_1_121' title='bbox 270 2154 447 2243; x_wconf 69' lang='grc' dir='ltr'><strong><em>πρόκειται</em></strong></span> <span class='ocrx_word' id='word_1_122' title='bbox 476 2154 514 2221; x_wconf 86' lang='grc' dir='ltr'><strong><em>τὸ</em></strong></span> <span class='ocrx_word' id='word_1_123' title='bbox 542 2155 636 2244; x_wconf 73' lang='grc' dir='ltr'><strong>ὄφρα</strong></span> <span class='ocrx_word' id='word_1_124' title='bbox 665 2151 747 2236; x_wconf 71' lang='lat' dir='ltr'><strong>ried</strong></span> <span class='ocrx_word' id='word_1_125' title='bbox 771 2145 874 2241; x_wconf 78' lang='grc' dir='ltr'><strong><em>ἦμος,</em></strong></span> <span class='ocrx_word' id='word_1_126' title='bbox 903 2151 926 2237; x_wconf 73' lang='grc' dir='ltr'><strong><em>ἢ</em></strong></span> <span class='ocrx_word' id='word_1_127' title='bbox 949 2158 987 2222; x_wconf 77' lang='grc' dir='ltr'><strong><em>τὸ</em></strong></span> <span class='ocrx_word' id='word_1_128' title='bbox 1009 2153 1065 2224; x_wconf 78' lang='grc' dir='ltr'><strong><em>ὅτι</em></strong></span> <span class='ocrx_word' id='word_1_129' title='bbox 1088 2151 1113 2236; x_wconf 73' lang='grc' dir='ltr'><em>ἢ</em></span> <span class='ocrx_word' id='word_1_130' title='bbox 1140 2158 1179 2222; x_wconf 80' lang='grc' dir='ltr'><strong><em>τὸ</em></strong></span> <span class='ocrx_word' id='word_1_131' title='bbox 1202 2153 1264 2233; x_wconf 81' lang='grc' dir='ltr'><strong>ἕως</strong></span> <span class='ocrx_word' id='word_1_132' title='bbox 1288 2151 1311 2238; x_wconf 75' lang='lat' dir='ltr'><strong>r)</strong></span> 
     </span>
    </p>
   </div>
   <div class='ocr_carea' id='block_1_3' title="bbox 185 2257 1310 2364">
    <p class='ocr_par' dir='ltr' id='par_1_3' title="bbox 185 2257 1310 2364">
     <span class='ocr_line' id='line_1_17' title="bbox 185 2257 1310 2364; baseline 0.001 -22"><span class='ocrx_word' id='word_1_133' title='bbox 185 2275 223 2342; x_wconf 82' lang='grc' dir='ltr'><strong><em>τὸ</em></strong></span> <span class='ocrx_word' id='word_1_134' title='bbox 247 2257 350 2356; x_wconf 54' lang='grc' dir='ltr'><strong><em>ὅποτ’,</em></strong></span> <span class='ocrx_word' id='word_1_135' title='bbox 379 2277 571 2364; x_wconf 79' lang='grc' dir='ltr'><strong><em>ἐπιφέρεται</em></strong></span> <span class='ocrx_word' id='word_1_136' title='bbox 594 2279 629 2344; x_wconf 80' lang='grc' dir='ltr'><strong>δὲ</strong></span> <span class='ocrx_word' id='word_1_137' title='bbox 653 2279 692 2342; x_wconf 84' lang='grc' dir='ltr'><strong><em>τό</em></strong></span> <span class='ocrx_word' id='word_1_138' title='bbox 714 2275 845 2362; x_wconf 77' lang='grc' dir='ltr'><strong><em>τόφρα,</em></strong></span> <span class='ocrx_word' id='word_1_139' title='bbox 874 2277 914 2342; x_wconf 83' lang='grc' dir='ltr'><strong><em>τό</em></strong></span> <span class='ocrx_word' id='word_1_140' title='bbox 938 2279 1061 2361; x_wconf 82' lang='grc' dir='ltr'><strong><em>τῆμος,</em></strong></span> <span class='ocrx_word' id='word_1_141' title='bbox 1088 2274 1127 2342; x_wconf 85' lang='grc' dir='ltr'><strong><em>τὸ</em></strong></span> <span class='ocrx_word' id='word_1_142' title='bbox 1149 2274 1246 2362; x_wconf 79' lang='grc' dir='ltr'><strong><em>τότε,</em></strong></span> <span class='ocrx_word' id='word_1_143' title='bbox 1269 2277 1310 2343; x_wconf 82' lang='grc' dir='ltr'><strong><em>τὸ</em></strong></span> 
     </span>
    </p>
   </div>
   <div class='ocr_carea' id='block_1_4' title="bbox 144 2389 1311 3561">
    <p class='ocr_par' dir='ltr' id='par_1_4' title="bbox 144 2389 1311 3561">
     <span class='ocr_line' id='line_1_18' title="bbox 185 2389 1311 2485; baseline 0.002 -25"><span class='ocrx_word' id='word_1_144' title='bbox 185 2397 283 2473; x_wconf 83' lang='grc' dir='ltr'><strong><em>τέως,</em></strong></span> <span class='ocrx_word' id='word_1_145' title='bbox 319 2397 360 2462; x_wconf 85' lang='grc' dir='ltr'><strong><em>τὸ</em></strong></span> <span class='ocrx_word' id='word_1_146' title='bbox 390 2397 461 2462; x_wconf 78' lang='grc' dir='ltr'><strong>ἐκεῖ</strong></span> <span class='ocrx_word' id='word_1_147' title='bbox 490 2399 548 2460; x_wconf 84' lang='grc' dir='ltr'><strong>καὶ</strong></span> <span class='ocrx_word' id='word_1_148' title='bbox 580 2396 622 2460; x_wconf 80' lang='grc' dir='ltr'><strong><em>τοὶ</em></strong></span> <span class='ocrx_word' id='word_1_149' title='bbox 654 2389 755 2482; x_wconf 82' lang='grc' dir='ltr'><strong><em>ὅμοιοι</em></strong></span> <span class='ocrx_word' id='word_1_150' title='bbox 894 2398 1059 2464; x_wconf 88' lang='lat' dir='ltr'><strong>Accedunt</strong></span> <span class='ocrx_word' id='word_1_151' title='bbox 1088 2395 1191 2472; x_wconf 81' lang='grc' dir='ltr'><strong><em>αὐτός</em></strong></span> <span class='ocrx_word' id='word_1_152' title='bbox 1222 2419 1311 2485; x_wconf 79' lang='grc' dir='ltr'><strong><em>φησι</em></strong></span> 
     </span>
     <span class='ocr_line' id='line_1_19' title="bbox 183 2516 1309 2606; baseline 0 -24"><span class='ocrx_word' id='word_1_153' title='bbox 183 2518 299 2602; x_wconf 59' lang='lat' dir='ltr'><strong>butro</strong></span> <span class='ocrx_word' id='word_1_154' title='bbox 315 2524 349 2582; x_wconf 89' lang='lat' dir='ltr'><strong>et</strong></span> <span class='ocrx_word' id='word_1_155' title='bbox 371 2518 436 2582; x_wconf 82' lang='lat' dir='ltr'><strong>elie</strong></span> <span class='ocrx_word' id='word_1_156' title='bbox 457 2518 615 2582; x_wconf 90' lang='lat' dir='ltr'><strong>eiusmodi</strong></span> <span class='ocrx_word' id='word_1_157' title='bbox 630 2524 708 2583; x_wconf 85' lang='lat' dir='ltr'><strong>noto</strong></span> <span class='ocrx_word' id='word_1_158' title='bbox 722 2518 787 2580; x_wconf 83' lang='lat' dir='ltr'><strong>iam</strong></span> <span class='ocrx_word' id='word_1_159' title='bbox 803 2516 1017 2606; x_wconf 86' lang='lat' dir='ltr'><strong>Melampodoi</strong></span> <span class='ocrx_word' id='word_1_160' title='bbox 1033 2519 1190 2583; x_wconf 89' lang='lat' dir='ltr'><strong>sermonis</strong></span> <span class='ocrx_word' id='word_1_161' title='bbox 1204 2519 1309 2602; x_wconf 72' lang='lat' dir='ltr'><strong>signo.</strong></span> 
     </span>
     <span class='ocr_line' id='line_1_20' title="bbox 183 2637 1309 2731; baseline 0 -29"><span class='ocrx_word' id='word_1_162' title='bbox 183 2637 303 2702; x_wconf 90' lang='lat' dir='ltr'><strong>Mirum</strong></span> <span class='ocrx_word' id='word_1_163' title='bbox 324 2643 412 2702; x_wconf 85' lang='lat' dir='ltr'><strong>certe</strong></span> <span class='ocrx_word' id='word_1_164' title='bbox 434 2637 496 2701; x_wconf 92' lang='lat' dir='ltr'><strong>hoc</strong></span> <span class='ocrx_word' id='word_1_165' title='bbox 518 2643 585 2721; x_wconf 87' lang='lat' dir='ltr'><strong>est,</strong></span> <span class='ocrx_word' id='word_1_166' title='bbox 615 2637 671 2702; x_wconf 86' lang='lat' dir='ltr'><strong>sod</strong></span> <span class='ocrx_word' id='word_1_167' title='bbox 701 2660 765 2702; x_wconf 91' lang='lat' dir='ltr'><strong>non</strong></span> <span class='ocrx_word' id='word_1_168' title='bbox 782 2638 857 2731; x_wconf 16' lang='lat' dir='ltr'><strong>[eins</strong></span> <span class='ocrx_word' id='word_1_169' title='bbox 880 2639 1021 2722; x_wconf 83' lang='lat' dir='ltr'><strong>generis,</strong></span> <span class='ocrx_word' id='word_1_170' title='bbox 1051 2643 1087 2704; x_wconf 91' lang='lat' dir='ltr'><strong>ut</strong></span> <span class='ocrx_word' id='word_1_171' title='bbox 1107 2638 1232 2704; x_wconf 86' lang='lat' dir='ltr'><strong>nullam</strong></span> <span class='ocrx_word' id='word_1_172' title='bbox 1255 2659 1309 2702; x_wconf 88' lang='lat' dir='ltr'><strong>ex-</strong></span> 
     </span>
     <span class='ocr_line' id='line_1_21' title="bbox 182 2757 577 2841; baseline 0.003 -21"><span class='ocrx_word' id='word_1_173' title='bbox 182 2757 392 2841; x_wconf 80' lang='lat' dir='ltr'><strong>plicationem</strong></span> <span class='ocrx_word' id='word_1_174' title='bbox 413 2758 577 2822; x_wconf 82' lang='lat' dir='ltr'><strong>admittat</strong></span> 
     </span>
     <span class='ocr_line' id='line_1_22' title="bbox 144 2859 1309 2962; baseline 0.002 -22"><span class='ocrx_word' id='word_1_175' title='bbox 144 2859 147 2874; x_wconf 51' lang='lat'><strong><em>⁴</em></strong></span> <span class='ocrx_word' id='word_1_176' title='bbox 267 2876 350 2940; x_wconf 85' lang='lat' dir='ltr'><strong>Nem</strong></span> <span class='ocrx_word' id='word_1_177' title='bbox 372 2876 503 2941; x_wconf 84' lang='lat' dir='ltr'><strong>uberius</strong></span> <span class='ocrx_word' id='word_1_178' title='bbox 527 2878 604 2942; x_wconf 94' lang='lat' dir='ltr'><strong>olim</strong></span> <span class='ocrx_word' id='word_1_179' title='bbox 627 2877 911 2944; x_wconf 82' lang='lat' dir='ltr'><strong>demonstrandum</strong></span> <span class='ocrx_word' id='word_1_180' title='bbox 934 2879 1006 2962; x_wconf 87' lang='lat' dir='ltr'><strong>erit,</strong></span> <span class='ocrx_word' id='word_1_181' title='bbox 1038 2897 1309 2961; x_wconf 81' lang='lat' dir='ltr'><strong>nequaquam</strong></span> 
     </span>
     <span class='ocr_line' id='line_1_23' title="bbox 183 2996 1308 3082; baseline -0.002 -20"><span class='ocrx_word' id='word_1_182' title='bbox 183 2998 362 3062; x_wconf 86' lang='lat' dir='ltr'><strong>similem</strong></span> <span class='ocrx_word' id='word_1_183' title='bbox 405 3005 495 3060; x_wconf 84' lang='lat' dir='ltr'><strong>esse</strong></span> <span class='ocrx_word' id='word_1_184' title='bbox 534 2997 695 3080; x_wconf 90' lang='lat' dir='ltr'><strong>prioris</strong></span> <span class='ocrx_word' id='word_1_185' title='bbox 734 3006 776 3082; x_wconf 85' lang='lat' dir='ltr'><strong>ot</strong></span> <span class='ocrx_word' id='word_1_186' title='bbox 806 2996 1007 3082; x_wconf 69' lang='lat' dir='ltr'><strong>‘alterius</strong></span> <span class='ocrx_word' id='word_1_187' title='bbox 1049 2997 1308 3064; x_wconf 86' lang='lat' dir='ltr'><strong>scholiorum</strong></span> 
     </span>
     <span class='ocr_line' id='line_1_24' title="bbox 183 3089 1309 3201; baseline -0.002 -19"><span class='ocrx_word' id='word_1_188' title='bbox 183 3117 323 3201; x_wconf 84' lang='lat' dir='ltr'><strong>partis</strong></span> <span class='ocrx_word' id='word_1_189' title='bbox 349 3116 640 3182; x_wconf 89' lang='lat' dir='ltr'><strong>condicionem</strong></span> <span class='ocrx_word' id='word_1_190' title='bbox 669 3119 710 3180; x_wconf 90' lang='lat' dir='ltr'><strong>in</strong></span> <span class='ocrx_word' id='word_1_191' title='bbox 741 3089 883 3182; x_wconf 81' lang='lat' dir='ltr'><strong>codice</strong></span> <span class='ocrx_word' id='word_1_192' title='bbox 906 3117 1220 3200; x_wconf 80' lang='lat' dir='ltr'><strong>Homburgonsi;</strong></span> <span class='ocrx_word' id='word_1_193' title='bbox 1249 3091 1309 3180; x_wconf 86' lang='lat' dir='ltr'><strong>illa</strong></span> 
     </span>
     <span class='ocr_line' id='line_1_25' title="bbox 184 3235 1309 3320; baseline -0.002 -18"><span class='ocrx_word' id='word_1_194' title='bbox 184 3238 270 3302; x_wconf 92' lang='lat' dir='ltr'><strong>enim</strong></span> <span class='ocrx_word' id='word_1_195' title='bbox 296 3238 470 3303; x_wconf 82' lang='lat' dir='ltr'><strong>maximam</strong></span> <span class='ocrx_word' id='word_1_196' title='bbox 492 3241 621 3320; x_wconf 86' lang='lat' dir='ltr'><strong>partem</strong></span> <span class='ocrx_word' id='word_1_197' title='bbox 642 3237 772 3320; x_wconf 82' lang='lat' dir='ltr'><strong>integra</strong></span> <span class='ocrx_word' id='word_1_198' title='bbox 794 3236 934 3301; x_wconf 82' lang='lat' dir='ltr'><strong>fontium</strong></span> <span class='ocrx_word' id='word_1_199' title='bbox 956 3235 1063 3320; x_wconf 82' lang='lat' dir='ltr'><strong>cupite</strong></span> <span class='ocrx_word' id='word_1_200' title='bbox 1088 3236 1240 3318; x_wconf 81' lang='lat' dir='ltr'><strong>praebet,</strong></span> <span class='ocrx_word' id='word_1_201' title='bbox 1269 3241 1309 3300; x_wconf 82' lang='lat' dir='ltr'><strong>ut</strong></span> 
     </span>
     <span class='ocr_line' id='line_1_26' title="bbox 184 3351 1308 3440; baseline -0.004 -17"><span class='ocrx_word' id='word_1_202' title='bbox 184 3357 367 3440; x_wconf 85' lang='lat' dir='ltr'><strong>integris</strong></span> <span class='ocrx_word' id='word_1_203' title='bbox 402 3357 530 3421; x_wconf 90' lang='lat' dir='ltr'><strong>libris</strong></span> <span class='ocrx_word' id='word_1_204' title='bbox 571 3351 671 3440; x_wconf 85' lang='lat' dir='ltr'><strong>eum,</strong></span> <span class='ocrx_word' id='word_1_205' title='bbox 716 3364 786 3439; x_wconf 91' lang='lat' dir='ltr'><strong>qui</strong></span> <span class='ocrx_word' id='word_1_206' title='bbox 825 3359 1064 3439; x_wconf 81' lang='lat' dir='ltr'><strong>congeriem</strong></span> <span class='ocrx_word' id='word_1_207' title='bbox 1099 3355 1308 3440; x_wconf 83' lang='lat' dir='ltr'><strong>corrdidit‚</strong></span> 
     </span>
     <span class='ocr_line' id='line_1_27' title="bbox 184 3475 1309 3561; baseline 0 -21"><span class='ocrx_word' id='word_1_208' title='bbox 184 3499 299 3542; x_wconf 89' lang='lat' dir='ltr'><strong>usum</strong></span> <span class='ocrx_word' id='word_1_209' title='bbox 332 3497 420 3541; x_wconf 89' lang='lat' dir='ltr'><strong>esse</strong></span> <span class='ocrx_word' id='word_1_210' title='bbox 452 3475 660 3541; x_wconf 82' lang='lat' dir='ltr'><strong>manifestum</strong></span> <span class='ocrx_word' id='word_1_211' title='bbox 681 3477 749 3561; x_wconf 12' lang='lat' dir='ltr'><strong>psit,</strong></span> <span class='ocrx_word' id='word_1_212' title='bbox 780 3515 822 3525; x_wconf 84' lang='lat'><strong>—-</strong></span> <span class='ocrx_word' id='word_1_213' title='bbox 859 3478 964 3542; x_wconf 80' lang='lat' dir='ltr'><strong>altera</strong></span> <span class='ocrx_word' id='word_1_214' title='bbox 992 3477 1095 3559; x_wconf 83' lang='lat' dir='ltr'><strong>magis</strong></span> <span class='ocrx_word' id='word_1_215' title='bbox 1125 3476 1167 3540; x_wconf 82' lang='lat' dir='ltr'><strong>ad</strong></span> <span class='ocrx_word' id='word_1_216' title='bbox 1198 3475 1309 3540; x_wconf 89' lang='lat' dir='ltr'><strong>simili·</strong></span> 
     </span>
    </p>
   </div>
   <div class='ocr_carea' id='block_1_5' title="bbox 182 3661 1308 4164">
    <p class='ocr_par' dir='ltr' id='par_1_5' title="bbox 182 3661 1308 4164">
     <span class='ocr_line' id='line_1_28' title="bbox 183 3661 1307 3732; baseline -0.002 -16"><span class='ocrx_word' id='word_1_217' title='bbox 183 3663 293 3718; x_wconf 79' lang='lat' dir='ltr'><strong>henutut</strong></span> <span class='ocrx_word' id='word_1_218' title='bbox 316 3664 394 3718; x_wconf 86' lang='lat' dir='ltr'><strong>habe.</strong></span> <span class='ocrx_word' id='word_1_219' title='bbox 432 3664 470 3717; x_wconf 87' lang='lat' dir='ltr'><strong>Es</strong></span> <span class='ocrx_word' id='word_1_220' title='bbox 496 3664 530 3718; x_wconf 87' lang='lat' dir='ltr'><strong>ist</strong></span> <span class='ocrx_word' id='word_1_221' title='bbox 545 3664 600 3716; x_wconf 51' lang='lat' dir='ltr'><strong>xdn&#39;s</strong></span> <span class='ocrx_word' id='word_1_222' title='bbox 619 3663 723 3717; x_wconf 86' lang='lat' dir='ltr'><strong>sreilioh</strong></span> <span class='ocrx_word' id='word_1_223' title='bbox 747 3664 873 3717; x_wconf 71' lang='lat' dir='ltr'><strong>zunbohst</strong></span> <span class='ocrx_word' id='word_1_224' title='bbox 890 3681 941 3717; x_wconf 87' lang='lat' dir='ltr'><strong>nur</strong></span> <span class='ocrx_word' id='word_1_225' title='bbox 958 3663 1018 3722; x_wconf 90' lang='lat' dir='ltr'><strong>eine</strong></span> <span class='ocrx_word' id='word_1_226' title='bbox 1037 3663 1238 3732; x_wconf 86' lang='lat' dir='ltr'><strong>Vermuthung,</strong></span> <span class='ocrx_word' id='word_1_227' title='bbox 1263 3661 1307 3714; x_wconf 91' lang='lat' dir='ltr'><strong>die</strong></span> 
     </span>
     <span class='ocr_line' id='line_1_29' title="bbox 183 3747 1308 3818; baseline -0.003 -15"><span class='ocrx_word' id='word_1_228' title='bbox 183 3750 248 3804; x_wconf 81' lang='lat' dir='ltr'><strong>uber</strong></span> <span class='ocrx_word' id='word_1_229' title='bbox 264 3767 311 3803; x_wconf 90' lang='lat' dir='ltr'><strong>um</strong></span> <span class='ocrx_word' id='word_1_230' title='bbox 327 3768 357 3802; x_wconf 90' lang='lat' dir='ltr'><strong>so</strong></span> <span class='ocrx_word' id='word_1_231' title='bbox 375 3749 450 3803; x_wconf 85' lang='lat' dir='ltr'><strong>mehr</strong></span> <span class='ocrx_word' id='word_1_232' title='bbox 467 3767 500 3812; x_wconf 85' lang='lat' dir='ltr'><strong>zu</strong></span> <span class='ocrx_word' id='word_1_233' title='bbox 518 3757 639 3818; x_wconf 69' lang='lat' dir='ltr'><strong>orwbgen</strong></span> <span class='ocrx_word' id='word_1_234' title='bbox 658 3751 714 3802; x_wconf 86' lang='lat' dir='ltr'><strong>sein</strong></span> <span class='ocrx_word' id='word_1_235' title='bbox 733 3749 838 3803; x_wconf 79' lang='lat' dir='ltr'><strong>mbchte</strong></span> <span class='ocrx_word' id='word_1_236' title='bbox 856 3749 894 3804; x_wconf 84' lang='lat' dir='ltr'><strong>als</strong></span> <span class='ocrx_word' id='word_1_237' title='bbox 912 3747 1106 3801; x_wconf 82' lang='lat' dir='ltr'><strong>unnweilelhelt</strong></span> <span class='ocrx_word' id='word_1_238' title='bbox 1122 3747 1191 3801; x_wconf 84' lang='lat' dir='ltr'><strong>euch</strong></span> <span class='ocrx_word' id='word_1_239' title='bbox 1209 3747 1308 3800; x_wconf 84' lang='lat' dir='ltr'><strong>endere</strong></span> 
     </span>
     <span class='ocr_line' id='line_1_30' title="bbox 182 3833 1307 3908; baseline -0.003 -19"><span class='ocrx_word' id='word_1_240' title='bbox 182 3835 382 3906; x_wconf 75' lang='lat' dir='ltr'><strong>byzantinische</strong></span> <span class='ocrx_word' id='word_1_241' title='bbox 406 3836 539 3889; x_wconf 86' lang='lat' dir='ltr'><strong>Producte</strong></span> <span class='ocrx_word' id='word_1_242' title='bbox 563 3834 772 3906; x_wconf 81' lang='lat' dir='ltr'><strong>Collegienhelte</strong></span> <span class='ocrx_word' id='word_1_243' title='bbox 795 3835 876 3890; x_wconf 88' lang='lat' dir='ltr'><strong>sind.‘</strong></span> <span class='ocrx_word' id='word_1_244' title='bbox 911 3835 971 3908; x_wconf 83' lang='lat' dir='ltr'><strong>Hoc</strong></span> <span class='ocrx_word' id='word_1_245' title='bbox 996 3834 1029 3887; x_wconf 83' lang='lat' dir='ltr'><strong>eb</strong></span> <span class='ocrx_word' id='word_1_246' title='bbox 1053 3833 1091 3887; x_wconf 83' lang='lat' dir='ltr'><strong>eis</strong></span> <span class='ocrx_word' id='word_1_247' title='bbox 1114 3833 1230 3887; x_wconf 79' lang='lat' dir='ltr'><strong>maxime</strong></span> <span class='ocrx_word' id='word_1_248' title='bbox 1252 3851 1307 3886; x_wconf 82' lang='lat' dir='ltr'><strong>me·</strong></span> 
     </span>
     <span class='ocr_line' id='line_1_31' title="bbox 183 3919 1306 3991; baseline -0.004 -15"><span class='ocrx_word' id='word_1_249' title='bbox 183 3921 270 3976; x_wconf 81' lang='lat' dir='ltr'><strong>morin</strong></span> <span class='ocrx_word' id='word_1_250' title='bbox 286 3922 372 3976; x_wconf 90' lang='lat' dir='ltr'><strong>teneri</strong></span> <span class='ocrx_word' id='word_1_251' title='bbox 390 3921 477 3987; x_wconf 84' lang='lat' dir='ltr'><strong>velim,</strong></span> <span class='ocrx_word' id='word_1_252' title='bbox 498 3922 595 3991; x_wconf 85' lang='lat' dir='ltr'><strong>quibus</strong></span> <span class='ocrx_word' id='word_1_253' title='bbox 612 3921 721 3976; x_wconf 86' lang='lat' dir='ltr'><strong>ulterius</strong></span> <span class='ocrx_word' id='word_1_254' title='bbox 738 3922 854 3976; x_wconf 84' lang='lat' dir='ltr'><strong>familiae</strong></span> <span class='ocrx_word' id='word_1_255' title='bbox 871 3921 992 3974; x_wconf 88' lang='lat' dir='ltr'><strong>codicum</strong></span> <span class='ocrx_word' id='word_1_256' title='bbox 1010 3919 1168 3990; x_wconf 83' lang='lat' dir='ltr'><strong>inspiciendi</strong></span> <span class='ocrx_word' id='word_1_257' title='bbox 1185 3919 1306 3986; x_wconf 76' lang='lat' dir='ltr'><strong>facultas,</strong></span> 
     </span>
     <span class='ocr_line' id='line_1_32' title="bbox 184 4006 1307 4077; baseline -0.004 -15"><span class='ocrx_word' id='word_1_258' title='bbox 184 4007 250 4062; x_wconf 90' lang='lat' dir='ltr'><strong>mihi</strong></span> <span class='ocrx_word' id='word_1_259' title='bbox 267 4025 321 4060; x_wconf 90' lang='lat' dir='ltr'><strong>non</strong></span> <span class='ocrx_word' id='word_1_260' title='bbox 339 4024 480 4073; x_wconf 82' lang='lat' dir='ltr'><strong>concesse,</strong></span> <span class='ocrx_word' id='word_1_261' title='bbox 506 4006 597 4060; x_wconf 75' lang='lat' dir='ltr'><strong>obluta</strong></span> <span class='ocrx_word' id='word_1_262' title='bbox 622 4009 680 4062; x_wconf 85' lang='lat' dir='ltr'><strong>erit.</strong></span> <span class='ocrx_word' id='word_1_263' title='bbox 718 4009 786 4062; x_wconf 85' lang='lat' dir='ltr'><strong>&#39;lum</strong></span> <span class='ocrx_word' id='word_1_264' title='bbox 809 4007 927 4077; x_wconf 86' lang='lat' dir='ltr'><strong>utrisque</strong></span> <span class='ocrx_word' id='word_1_265' title='bbox 951 4007 1084 4059; x_wconf 86' lang='lat' dir='ltr'><strong>codicibus</strong></span> <span class='ocrx_word' id='word_1_266' title='bbox 1107 4006 1177 4059; x_wconf 86' lang='lat' dir='ltr'><strong>inter</strong></span> <span class='ocrx_word' id='word_1_267' title='bbox 1200 4023 1228 4058; x_wconf 86' lang='lat' dir='ltr'><strong>se</strong></span> <span class='ocrx_word' id='word_1_268' title='bbox 1246 4023 1307 4058; x_wconf 87' lang='lat' dir='ltr'><strong>con·</strong></span> 
     </span>
     <span class='ocr_line' id='line_1_33' title="bbox 182 4081 1189 4164; baseline -0.004 -14"><span class='ocrx_word' id='word_1_269' title='bbox 182 4093 243 4150; x_wconf 77' lang='lat' dir='ltr'><strong>nris</strong></span> <span class='ocrx_word' id='word_1_270' title='bbox 260 4094 371 4154; x_wconf 70' lang='lat' dir='ltr'><strong>leuasse</strong></span> <span class='ocrx_word' id='word_1_271' title='bbox 389 4093 438 4147; x_wconf 84' lang='lat' dir='ltr'><strong>hec</strong></span> <span class='ocrx_word' id='word_1_272' title='bbox 456 4094 499 4146; x_wconf 80' lang='lat' dir='ltr'><strong>vio</strong></span> <span class='ocrx_word' id='word_1_273' title='bbox 516 4093 661 4146; x_wconf 84' lang='lat' dir='ltr'><strong>rectissime</strong></span> <span class='ocrx_word' id='word_1_274' title='bbox 680 4091 851 4147; x_wconf 83' lang='lat' dir='ltr'><strong>difficultates</strong></span> <span class='ocrx_word' id='word_1_275' title='bbox 869 4081 928 4148; x_wconf 83' lang='lat' dir='ltr'><strong>&#39;tolli</strong></span> <span class='ocrx_word' id='word_1_276' title='bbox 945 4107 1023 4164; x_wconf 84' lang='lat' dir='ltr'><strong>posse</strong></span> <span class='ocrx_word' id='word_1_277' title='bbox 1041 4091 1189 4163; x_wconf 83' lang='lat' dir='ltr'><strong>apparebit.</strong></span> 
     </span>
    </p>
   </div>
   <div class='ocr_carea' id='block_1_6' title="bbox 0 0 1506 4614">
    <p class='ocr_par' dir='ltr' id='par_1_6' title="bbox 0 0 1506 4614">
     <span class='ocr_line' id='line_1_34' title="bbox 0 0 1506 4614; baseline 0 0"><span class='ocrx_word' id='word_1_278' title='bbox 0 0 1506 4614; x_wconf 95' lang='lat' dir='ltr'><strong> </strong></span> 
     </span>
    </p>
   </div>
  </div>
 </body>
</html>
