3002 4614
605 383 643 398 ...
689 347 815 457 17,-

146 539 189 584 ne
217 517 335 586 menda
365 516 497 602 quidem
512 517 672 584 ‘codicum
699 519 829 603 integra
850 537 919 585 esse
940 517 1057 604 voluit,
1086 519 1144 586 sed
1173 521 1272 588 inter·

145 636 364 721 palationibus
387 638 454 702 suis
477 636 677 722 obscuravit,
705 645 741 704 ut
769 636 916 702 difficilia
945 645 1117 724 perspectu
1138 639 1271 722 fierent3

144 759 259 839 itaque
286 755 348 822 hoo
370 757 446 822 'loco
467 756 723 840 Hamburgensis
746 777 811 823 non
834 754 873 832 ὡς
897 806 922 822 ..
945 757 1130 839 αὐτοτελῆ,
1152 758 1209 824 sed
1232 755 1273 833 ὡς

146 873 234 951 adro*
258 871 394 941 τελείαν
415 871 567 962 (ἔννοιαν
590 873 667 963 ἔχει)
689 877 835 961 praebet.

206 995 325 1062 lum
362 995 405 1062 ad
433 1001 607 1080 utramque
636 1001 784 1080 spectant
810 995 898 1061 alia:
944 997 1032 1082 Περὶ
1063 994 1179 1074 λέξεως
1213 997 1272 1061 καὶ

147 1111 257 1191 ἄλλως
285 1115 502 1200 aecae-31,
532 1135 670 1199 quorum
698 1122 807 1184 tamen
829 1115 929 1182 verba
956 1114 1070 1184 finalia
1097 1117 1173 1202 περὶ
1202 1117 1271 1182 δια·
1340 1147 1343 1158 ·

147 1233 290 1320 κρίσεως
317 1236 373 1299 καὶ
410 1233 595 1312 συντάξεως
630 1234 733 1319 λόγου
763 1237 821 1300 καὶ
859 1231 1007 1312 διανοίας
1036 1233 1131 1319 quasi
1160 1217 1294 1302 titulus

146 1355 280 1438 qnidam
308 1355 424 1422 litteris
452 1355 598 1421 maximis
627 1356 673 1422 eis
703 1375 786 1438 quae
809 1364 960 1424 secuntur
980 1357 1160 1440 praemissa
1182 1363 1271 1436 sunt:

145 1475 441 1560 saure-amaa
463 1475 679 1560 scopu-263
700 1475 1271 1562 842‚19-843,93837,31-838‚34.

231 1593 321 1660 Haec
347 1595 479 1678 quidem
506 1595 682 1672 hoctenem
713 1596 841 1680 longius
870 1617 957 1662 nunc
985 1613 1051 1662 non
1072 1595 1271 1679 progredior,
1314 1683 1316 1690 y

145 1713 227 1798 quia
247 1711 326 1780 libri
347 1700 579 1798 Melampodei,
608 1715 700 1782 ouius
730 1731 830 1780 causa
854 1715 939 1780 hanc
961 1716 1203 1798 inquisitionem
1223 1715 1272 1780 in-

145 1835 247 1920 stitui,
267 1835 302 1899 in
325 1834 371 1898 eis
395 1854 478 1917 quae
500 1840 655 1902 secuntur
675 1840 807 1918 praeter
828 1851 934 1920 pauca
950 1835 1111 1918 quaedam
1126 1834 1272 1919 frustula,
1326 1848 1329 1852 ·

119 2044 122 2050 1
146 1955 187 2019 de
210 1952 328 2038 quibus
350 1952 438 2019 inira
460 1953 600 2040 dicetur,
630 1955 765 2039 vestigia
786 1961 916 2020 exstant
935 1955 1037 2020 nulla.
1080 1953 1154 2020 Non
1177 1954 1273 2038 quasi

146 2094 264 2139 nomen
294 2074 363 2140 eius
396 2075 662 2159 praetermissum
691 2073 753 2140 hoc
784 2075 994 2159 persuaserit,
1042 2073 1143 2157 (quod
1177 2075 1272 2140 etiam

118 2194 182 2259 -in
226 2199 317 2278 octo,
362 2215 444 2277 quas
486 2195 650 2280 recensui,
693 2193 910 2279 paragraphis
934 2193 1172 2280 desideratur)
1196 2195 1273 2260 'sed

51 2368 55 2378 ,
148 2314 304 2380 sermonis
339 2313 532 2396 dicendique
570 2335 686 2398 genere
716 2313 806 2378 infra
841 2313 997 2380 efficietur
1025 2312 1066 2378 ab
1097 2313 1170 2378 aliis
1199 2334 1272 2379 eum

152 2431 306 2518 distingui
346 2453 476 2516 posse·
503 2433 613 2517 Atque
652 2435 800 2500 continui
833 2435 902 2498 cius
933 2431 1154 2499 commentarii
1185 2431 1272 2497 hunc

23 2533 24 2546 ³
149 2549 245 2617 finem
270 2572 341 2618 esse
372 2553 485 2618 mirari
506 2553 591 2636 noli3
624 2573 700 2618 nam
725 2559 766 2618 ut
787 2571 871 2618 uuus
902 2553 944 2618 sit
973 2552 1103 2618 libellus
1123 2551 1273 2637 Dionysii

145 2673 371 2756 grammatica,
395 2678 505 2738 tamen
527 2671 661 2738 fuerunt
684 2673 795 2755 quiin
818 2673 903 2739 duas
923 2691 996 2737 eam
1010 2676 1121 2755 partes
1137 2693 1271 2756 prorsus

145 2792 233 2856 inter
256 2813 289 2858 se
312 2791 456 2856 diversas
479 2791 706 2877 dispertirem,
736 2810 874 2875 quarum
896 2793 986 2876 prior
1007 2787 1074 2880 (ἐξ
1098 2791 1214 2878 12-13)
1237 2792 1272 2856 in

143 2911 228 2977 artis
249 2912 498 2996 prolegomenis,
527 2912 691 2996 posterior
712 2907 778 2999 (ξὲ
803 2911 940 2994 14-25)
961 2912 996 2976 in
1019 2917 1092 2977 octo
1114 2912 1272 2977 orationis

145 3030 297 3116 partibus
326 3030 531 3096 illustrandis
561 3030 684 3096 versari
712 3031 779 3098 illis
806 3031 993 3113 ridebatur,
1022 3052 1089 3114 qua
1111 3031 1151 3096 de
1172 3051 1208 3094 re
1231 3029 1271 3095 ci.

144 3150 300 3218 Hartium
328 3151 361 3215 in
384 3150 612 3216 dissertatione
642 3149 681 3215 de
703 3151 852 3236 Dionysii
874 3151 1010 3216 Thracis
1037 3151 1271 3236 grammaticae

145 3271 288 3355 epitoma
309 3290 339 3353 p.
364 3272 411 3336 12.
457 3270 545 3348 Quae
567 3291 640 3335 cum
662 3271 709 3336 ita
730 3273 814 3355 sint,
837 3271 866 3335 si
888 3278 972 3337 recte
996 3291 1079 3353 quae
1100 3291 1175 3334 mox
1197 3268 1271 3333 sub·

145 3389 280 3455 iciemus
297 3390 459 3475 disputata
472 3397 582 3477 erunt,
604 3411 670 3456 non
685 3392 755 3456 aine
771 3389 1004 3476 probabilitate
1017 3389 1092 3454 inde
1106 3393 1271 3481 sequetur,

145 3529 221 3575 eum
255 3511 321 3596 sive
351 3509 596 3594 grammaticum
625 3512 691 3576 sive
720 3510 908 3595 librarium,
941 3510 997 3593 qui
1027 3508 1151 3592 primus
1189 3507 1272 3576 haec

144 3629 373 3714 conterritis
388 3629 532 3713 priore
551 3636 716 3696 tanturn
732 3629 1026 3714 grammaticae
1048 3634 1164 3710 perte
1185 3628 1270 3712 ipso

144 3749 421 3832 Melampodis
443 3747 555 3814 libro
578 3771 693 3815 usum
714 3769 820 3830 esse,
843 3749 877 3813 in
893 3748 994 3813 altera
1012 3746 1271 3828 autemfrustula

144 3875 277 3935 tantum
301 3889 318 3933 e
341 3867 532 3935 collectione
561 3869 702 3953 quadam
733 3839 796 3933 iam
826 3874 924 3934 antea
952 3867 1100 3934 confecta
1121 3869 1155 3932 in
1177 3887 1271 3933 suum

143 4007 243 4056 usum
271 3986 477 4054 convertisse.
522 3989 584 4053 Sed
613 3999 655 4054 ne
683 3995 805 4054 temere
833 3961 895 4052 hoc
925 3987 1118 4054 contendere
1148 3985 1270 4069 videar,

144 4107 190 4176 ad
211 4108 247 4174 id
268 4109 355 4192 quod
377 4107 601 4193 gravissimum
622 4114 673 4175 est
695 4107 901 4194 accedamus,
928 4111 966 4174 ut
987 4106 1137 4192 quibus
1158 4103 1292 4180 indi,

1047 4211 1064 4266 2
