3002 4614
651 227 952 296 -62-’

197 402 271 471 tiois
290 407 367 468 ante
388 401 519 470 tertium
542 399 686 486 syllabae
702 399 853 485 ancipitis
876 421 977 484 genus
1000 399 1116 485 scripti
1139 403 1225 485 sunt,
1248 361 1326 465 cum

196 521 279 588 nihil
306 521 499 588 mutandum
528 540 616 605 esse,
645 521 749 585 multa
777 525 886 585 autem
914 519 989 584 inde
1017 519 1102 586 effici
1131 541 1226 606 posse
1250 540 1327 585 con-

196 661 344 708 cessurus
380 641 440 724 sit,
478 640 673 724 quicumque
702 639 911 704 memorabile
940 638 1001 702 hoo
1031 639 1237 721 corruptelae
1279 640 1328 703 in-

198 734 398 844 grbescentis
420 761 603 843 exemplum
624 758 963 840 attente'inspex'erit3
991 778 1067 822 nam
1090 779 1173 842 quae
1195 759 1328 842 integra

199 886 330 946 exstant
351 879 386 944 in
407 879 448 963 D,
471 899 509 942 ea
531 877 677 943 breviata
699 879 734 943 in
755 877 794 961 Ε,
816 877 1005 961 gravissime
1035 883 1145 942 autem
1173 879 1329 944 mutilata

198 983 272 1066 esse
292 1000 327 1064 in
350 997 379 1064 G
401 998 541 1064 videbis:
600 1085 602 1092 s
652 1013 662 1030 ‘

205 1247 206 1250 ρ
233 1168 555 1253 Schol.Dion.p.83i,
611 1166 940 1251 Schol.Heph.p.117,
1010 1167 1117 1233 Draco
1139 1187 1171 1251 p.
1195 1167 1286 1252 7,22:

199 1287 257 1353 24:
281 1283 557 1353 ...ἐπίτοῦἕθεν
583 1288 619 1351 6:
668 1286 724 1350 εἰιλ
757 1289 818 1351 τοῦ
854 1281 942 1351 ἕθεν
968 1285 1021 1350 ἐπὶ
1054 1288 1116 1350 τοῦ
1146 1281 1232 1350 ἕθεν
1261 1285 1330 1350 ἐπι-

193 1379 443 1494 ὶἐπιφερομένης
473 1403 557 1484 ὀξεί-
584 1405 830 1494 ἐπιφερομένης
882 1407 942 1482 τῆς
967 1405 1156 1490 φερομένης
1220 1401 1331 1483 ὀξείας

200 1523 559 1609 αςέμηκόνθηδηλον-
584 1521 696 1602 ὀξείας
718 1523 911 1610 ἐμηκύνθη,
968 1523 1161 1609 ἐμηκύνθη,

200 1644 251 1711 ότι
284 1645 378 1732 παρὰ
409 1642 456 1728 τῷ
485 1667 558 1708 τιοι-

201 1765 283 1856 ντῖι,
317 1766 407 1851 sori
445 1767 481 1830 δὲ
509 1765 559 1846 τῷ

198 1872 353 1973 Ὁμήρῳ,
405 1877 458 1970 [qi]
500 1883 645 1946 καὶκαὶ
676 1879 785 1960 ἔξεστι
812 1881 943 1957 τούτοις
970 1883 1027 1946 καὶ
1057 1878 1167 1960 ἕξεοτι
1194 1882 1332 1960 τούτοις

201 1999 311 2081 ἔξεστι
361 2006 429 2077 τοῖς
479 2003 559 2066 δέκα
587 2008 657 2078 τοῖς
695 2001 773 2068 δέκα
809 2003 943 2089 τρόποις
971 2007 1041 2078 τοῖς
1074 2004 1158 2070 δέκα
1191 1998 1331 2090 τρόποις

79 2177 84 2186 .
201 2121 340 2207 τρόποις
356 2124 559 2208 κεχρῆσθαι,
588 2124 792 2208 κεχρῆσθαι,
970 2124 1175 2208 κεχρῆσθαι,

202 2247 274 2317 τοῖς
296 2241 561 2328 ἀναφερομένοις

202 2362 265 2440 τήν
307 2363 473 2447 βραχεῖάν
513 2361 561 2435 είς
627 2430 634 2436 ἥ
742 2394 745 2420 ι

201 2481 341 2565 μακροίν.
402 2477 484 2562 ἡμῖν
528 2483 562 2546 δὲ
588 2475 669 2560 ἡμίν
703 2479 737 2542 δὲ
766 2483 830 2542 τῶν
860 2479 944 2546 δέκα

203 2601 240 2664 ἐκ
257 2605 321 2664 τῶν
332 2600 414 2663 δέκα
433 2601 563 2684 τρόπων
590 2599 720 2685 τρόπων
763 2596 810 2664 ε’νὶ
853 2596 944 2688 μόνῳ

203 2717 249 2784 ἑνὶ
269 2717 361 2809 μόνῳ
383 2717 494 2796 ἔξεστι
512 2742 561 2782 κε·
588 2717 699 2795 ἔξεστι
746 2720 944 2805 κεχρῆσθαι,

199 2840 373 2925 χρῆσθαι,
417 2835 454 2904 dr
490 2835 562 2922 μετ’
587 2835 626 2903 δν
694 2836 765 2922 μετ’
827 2836 945 2922 ὀλίγον
969 2833 1025 2914 οὓς
1089 2837 1160 2921 μετ’
1217 2838 1331 2926 ὀλίγον

203 2955 319 3042 ὀλίγον
342 2957 491 3044 ἐροῦμεν.
588 2955 737 3040 ἐροῦμεν.
793 2991 798 2996 ·
871 3021 873 3028 ,
971 2959 1155 3046 ἐροῦμεν,

288 3145 465 3212 Manifesta
487 3150 563 3210 sunt
581 3147 697 3209 omnia.
742 3147 779 3211 ln
794 3145 892 3211 schol.
907 3147 999 3212 Dion.
1024 3138 1049 3236 ᾦ
1072 3148 1172 3232 periit
1193 3155 1329 3232 propter

205 3290 230 3354 ῳ
256 3267 345 3350 quod
366 3264 528 3330 antecedit
551 3271 702 3348 recteque
726 3288 745 3330 a
766 3251 915 3332 Bellero
938 3267 1122 3352 suppletum
1144 3274 1203 3332 est.
1242 3267 1329 3344 Quae

206 3385 246 3449 de
278 3385 419 3451 Homero
453 3385 650 3469 interposita
679 3393 771 3469 sunt,
810 3408 849 3450 ea
877 3388 912 3452 in
949 3387 1047 3453 schol.
1076 3385 1180 3471 Heph.
1210 3388 1330 3453 omissa

205 3510 292 3590 sunt,
322 3511 360 3570 ut
382 3506 511 3570 cuinam
533 3504 665 3570 licentia
693 3505 751 3570 illa
776 3506 935 3590 permissa
958 3509 1015 3590 sit,
1046 3506 1219 3572 obscurum
1245 3508 1329 3573 vide·

206 3628 290 3688 atur.
334 3625 439 3692 Draco
464 3626 603 3708 denique
626 3646 698 3690 cum
720 3625 859 3691 alteram
882 3633 1017 3716 partem
1032 3632 1133 3692 totam
1148 3625 1329 3692 describere

205 3745 446 3827 supersederet,
476 3745 543 3811 tale
572 3745 716 3810 reddidit
744 3747 963 3829 enuntiatum,
994 3753 1030 3811 ut
1057 3747 1122 3812 nisi
1149 3741 1189 3812 ὅν
1211 3749 1246 3811 in
1270 3739 1329 3822 οίίς

205 3867 379 3948 mutasset,
416 3863 499 3928 nihil
528 3885 659 3949 prorsus
688 3865 938 3949 intellegeretur.
983 3866 1071 3931 Haec
1099 3866 1192 3931 libris
1224 3866 1327 3931 tribus

203 3983 291 4050 inter
313 4003 347 4048 se
370 3983 498 4048 collatis
521 3982 723 4069 faciliopera
740 3985 890 4070 cognosci
905 3991 1072 4070 poterant;
1095 3986 1328 4066 Westtahlium
