3002 4614
523 301 863 382 ⁴-7e-

194 485 408 552 Parthenium
435 485 551 554 fecisse
578 487 778 571 Hephaestio
807 511 838 572 p.
863 487 915 574 6,5
943 491 1145 570 narraverat,
1169 485 1321 572 quicum

194 605 229 669 in
253 603 447 693 Ἀρχελαΐδα
476 608 622 674 carmina
659 609 802 702 elegiaca
830 607 999 694 conderes,
1028 608 1184 692 quoniam
1215 612 1327 696 metro

193 725 338 809 elegiaco
365 747 484 792 nomon
506 727 589 794 illud
619 727 771 813 adaptari
798 748 863 793 non
884 733 1026 813 poterat,
1049 732 1228 792 extremum
1251 749 1319 794 ver-

193 867 265 912 sum
293 846 466 912 iambicum
495 867 566 914 esse
595 848 716 933 voluit,
745 847 833 912 idem
856 885 895 898 -
917 848 1027 930 inquit
1047 883 1091 896 --
1118 847 1319 933 Philopouus

193 965 335 1051 admisit,
359 986 432 1031 cum
452 969 486 1032 in
502 951 765 1060 'Caesaream
794 967 994 1052 epigramma
1015 966 1145 1050 iaceret,
1167 968 1320 1034 nimirum

192 1087 271 1170 quia
298 1083 490 1172 Kuccupeiu
517 1087 552 1152 in
584 1087 733 1154 distichis
763 1092 850 1152 stare
878 1107 944 1152 non
973 1091 1113 1170 poterat.
1159 1087 1264 1164 Quare
1291 1089 1320 1154 si

190 1225 292 1290 supra
328 1205 466 1289 legimus
503 1207 664 1274 loannem
704 1207 952 1292 grammaticum
994 1205 1320 1274 Gaesareensem

192 1325 343 1411 inisse,
370 1323 458 1392 infra
478 1327 639 1393 Joanncm
660 1326 876 1410 Philoponum
899 1325 1150 1392 Caesaream
1177 1326 1319 1393 urbem

103 1499 105 1502 .
192 1446 315 1526 (nescio
337 1467 446 1532 quam,
468 1467 545 1512 nam
563 1447 746 1532 complures
769 1446 915 1528 fuemnt)
939 1446 1197 1512 carminibus
1220 1446 1319 1511 ocle-

191 1555 354 1649 brasse,
384 1587 463 1631 num
484 1571 605 1632 temere
628 1587 725 1651 agere
746 1564 944 1652 videbimur,
974 1567 1002 1632 si
1031 1569 1208 1650 utrumque
1231 1585 1316 1631 com·

190 1692 344 1771 parantes
373 1687 413 1752 de
442 1685 555 1752 eodem
584 1684 715 1781 homine
736 1669 876 1770 utroque
904 1686 975 1751 loco
1002 1685 1055 1770 agi
1077 1685 1235 1770 suspicati
1258 1687 1318 1751 eri-

192 1807 287 1871 mus?
331 1805 423 1872 Vixit
458 1808 560 1892 igitur
591 1806 792 1890 Philopouus
825 1811 934 1872 aetate
967 1806 1076 1872 Severi
1109 1805 1316 1891 Antiocheni,
1426 1867 1427 1882 ,

56 2010 60 2017 s
190 1925 222 1992 h.
236 1947 262 1992 6.
286 1931 378 1992 sexto
402 1927 532 1992 saeculo
553 1927 696 2011 ineunte,
719 1931 757 1991 ut
779 1931 982 2010 quantopere
1003 1925 1066 1990 hoo
1088 1945 1161 1990 cunr
1180 1923 1321 1991 Nauckii

189 2045 357 2112 sententia
367 2051 628 2130 congruatunus
642 2047 779 2130 quisque
791 2045 971 2130 intellegat.
994 2045 1132 2130 (Eodem
1146 2050 1320 2129 praeterea

189 2156 311 2251 rerem,
335 2167 422 2249 quon
436 2166 482 2230 in·
496 2144 738 2232 montefalconis
759 2163 837 2230 sun
857 2164 953 2230 Ooisl.
969 2165 1049 2248 per
1067 2164 1142 2248 legi,
1166 2163 1320 2230 Severum

191 2283 276 2371 πρὸς
285 2282 683 2374 Ἰωάννηντὸναὶρετικὸν
691 2282 872 2350 ἐπίσκοπον
880 2279 1320 2370 ³Ate§cerulpsiucscripsisse).

276 2405 340 2474 Sed
368 2407 467 2502 otiam
496 2405 595 2472 alium
626 2403 869 2472 (lhcerobosous
899 2403 1145 2488 grammaticum
1183 2391 1324 2469 comme-¹

189 2527 342 2612 morarit,
373 2525 464 2591 ouius
488 2532 578 2592 aetas
602 2526 786 2591 accuratius
809 2524 936 2590 definiri
958 2527 1076 2609 potest.
1121 2521 1213 2589 Dixit
1235 2525 1320 2590 enim

188 2663 220 2730 p.
243 2645 360 2729 546,32
382 2645 423 2711 de
445 2643 589 2730 Sergio
620 2645 906 2729 grammatico,
935 2643 1048 2728 quiin
1071 2644 1176 2729 Etym.
1198 2643 1318 2729 Magno

148 2757 151 2762 ’
189 2789 220 2851 p.
243 2766 337 2849 223,1
368 2770 402 2832 et
430 2787 470 2832 ex
499 2785 537 2832 eo
567 2787 588 2830 a
616 2766 743 2832 Zonara
768 2766 803 2830 in
833 2785 928 2830 usum
955 2767 1097 2828 vocatur.
1141 2763 1193 2829 Ad
1214 2761 1319 2850 Etym.

189 2855 345 2970 Magnum
374 2883 520 2951 Stanleio
550 2886 630 2968 quid
658 2883 881 2950 adnotandum
911 2903 981 2948 esse
1011 2882 1115 2947 visum
1146 2883 1209 2968 sit,
1248 2884 1319 2968 ipse

1 3007 2 3048 ³
134 2985 139 2990 ’
189 3005 360 3091 inspiciam
384 3006 440 3088 qui
462 3010 538 3089 post
560 3003 771 3070 Eustathium
792 3002 915 3070 vixisse
937 3001 1000 3068 sibi
1020 3002 1202 3086 persuasit,
1223 3023 1319 3085 quem

189 3123 449 3192 eOhoerobosco
473 3123 582 3192 afferri
605 3125 711 3190 sciret.
755 3125 922 3190 Dirimunt
943 3123 1036 3191 litem
1044 3119 1317 3189 Montefaloonius
1394 3159 1398 3167 ·

189 3244 265 3310 bibl.
289 3243 431 3330 Ooislfp.
445 3245 490 3310 57.
510 3249 543 3310 ot
565 3265 605 3310 ex
626 3263 664 3340 eo
686 3244 855 3312 Fabricius
876 3250 897 3311 t.
912 3243 943 3310 X
956 3265 988 3328 p.
999 3241 1071 3325 621,
1092 3261 1165 3307 oum
1179 3241 1317 3308 eundem
1363 3259 1365 3264 ’

189 3363 352 3450 Severum,
383 3364 423 3430 de
446 3385 510 3449 quo
533 3363 628 3430 modo
651 3363 802 3448 diximus,
834 3364 875 3429 ad
898 3361 1044 3447 Sergium
1073 3363 1317 3445 grammaticum

188 3490 257 3550 tres
290 3485 446 3568 epistolas
486 3484 654 3568 scripsisse
684 3482 828 3548 tradant.
879 3481 993 3548 Eidem
1032 3479 1171 3546 fortasse
1204 3480 1316 3566 Sergio
1390 3563 1393 3568 ᾖ

189 3603 391 3693 Philopouus
413 3604 533 3670 librum
563 3604 603 3670 de
627 3599 834 3688 κοσμοποιίᾳ
855 3602 1013 3688 scriptum
1035 3600 1212 3678 dedicavit3
1241 3617 1318 3668 nam

190 3724 230 3788 de
253 3723 366 3808 Sergio
389 3723 578 3809 patriarcha
594 3721 955 3808 Constantinopolitano
978 3720 1058 3805 quin
1080 3720 1165 3787 falsa
1180 3720 1318 3789 Photius

189 3843 261 3909 cod.
284 3843 348 3908 240
368 3839 537 3929 retulerit,
569 3848 645 3929 post
665 3841 806 3908 Nauokii
835 3845 870 3906 et
891 3839 998 3906 Gassii
1028 3840 1318 3908 commentationes

190 3982 286 4028 nemo
309 3961 481 4028 dubitabit.

272 4083 389 4166 Itaque
412 4085 446 4148 ot
467 4079 598 4166 Sergius
620 4079 864 4166 etPhiloponus
888 4080 1040 4166 aequales
1056 4078 1189 4146 fuerunt
1205 4079 1315 4147 Severi
