3002 4614
639 295 849 395 „w-

180 501 341 585 misceret,
364 521 449 583 quae
472 506 582 565 tamen
604 491 724 566 codicis
747 521 808 584 ope
821 486 974 568 facillime
991 524 1011 568 a
1026 499 1143 566 ceteris
1160 500 1306 586 separari

180 627 324 705 possunt.
368 619 447 697 Quis
470 625 579 684 autem
603 619 687 684 alter
708 619 763 684 ille
786 619 964 686 scholiasta
986 621 1101 706 fuerit,
1132 621 1198 686 iam
1219 639 1305 685 nunc

180 738 342 824 suspicari
371 745 480 822 poteo,
511 737 598 804 infra
627 745 737 804 autem
766 744 855 805 certo
886 746 1074 824 argumento
1096 739 1308 825 probabitur:

177 859 215 922 in
239 859 381 942 quinque
404 860 487 923 enim
511 859 729 943 paragraphis
753 858 797 944 (2.
814 860 842 923 4.
860 859 890 924 5.
906 860 933 922 7.
956 859 999 940 8.)
1022 859 1057 924 in
1080 860 1188 926 codice
1209 859 1306 950 Hari-

180 978 335 1062 burgensi
352 977 599 1062 ¹Stephanus
623 979 819 1062 appellatur,
842 983 879 1042 ut
908 1015 940 1028 -
965 981 1120 1062 quoniam
1143 984 1176 1043 et
1194 977 1307 1044 eodem

179 1100 250 1164 loco
267 1097 376 1162 omnia
389 1098 525 1180 legimus
545 1102 578 1161 et
598 1099 751 1162 universa
772 1097 928 1180 loquendi
950 1104 984 1163 et
1005 1098 1188 1182 exponendi
1209 1098 1307 1181 ratic,

182 1218 234 1296 (de
265 1237 334 1299 qua¹
357 1226 443 1280 nunt
471 1215 602 1299 quidem
631 1239 671 1282 ne
701 1211 834 1301 longum
860 1218 904 1282 sit
925 1209 1008 1282 nihil
1031 1215 1159 1302 dieam‚)
1185 1237 1307 1281 unum

180 1342 349 1400 auctorem
370 1341 517 1401 testatur
534 1337 656 1402 -iam
678 1357 765 1402 nunc
787 1337 944 1402 coniciam
967 1342 1102 1401 totum
1125 1339 1307 1402 alterum

180 1455 336 1520 librum
366 1454 625 1538 aStephanc
657 1456 948 1540 conscriptum
977 1475 1076 1520 csso.
1118 1456 1212 1521 Hanc
1232 1476 1308 1520 vero

92 1567 95 1575 ’
180 1576 403 1642 coniecturam
430 1580 554 1639 certam
583 1574 671 1667 facit
691 1575 792 1640 codex
820 1575 1037 1658 Nepolitanus
1059 1570 1309 1657 Wachsmuthii‚
1377 1643 1378 1647 ,

180 1691 221 1760 de
244 1715 310 1778 quo
333 1693 421 1758 inira
442 1695 503 1760 erit
525 1694 761 1780 exponendum.

706 1916 784 2004 aa

266 2051 350 2118 Nam
380 2027 468 2136 qbod
489 2053 553 2118 huc
582 2071 686 2136 usque
717 2051 757 2118 de
779 2070 844 2118 uuo
867 2053 977 2116 codice
999 2050 1240 2142 Hamburgensi
1261 2049 1305 2114 lo-

175 2165 259 2256 uiti,
282 2193 321 2237 aa
341 2193 424 2256 quae
448 2193 488 2236 ex
509 2173 582 2237 aliis
604 2171 698 2237 libris
720 2191 795 2237 mss,
818 2173 923 2237 relata
945 2177 1032 2254 sunt,
1054 2191 1095 2236 ne
1118 2189 1324 2236 commemo--

180 2293 323 2357 ravimus
355 2292 504 2376 quidem,
534 2291 696 2360 οοιιειιιιο,
713 2292 776 2356 hoc
793 2269 951 2360 iactum„
979 2289 1073 2354 Hanc
1095 2287 1181 2352 enim
1203 2287 1307 2355 solam

184 2413 374 2497 ossariam,
405 2433 472 2494 qua
501 2395 582 2476 certi
613 2411 739 2494 aliquid
764 2409 849 2507 effici
875 2407 981 2494 possit
1010 2429 1115 2492 neque
1137 2402 1252 2472 'merae
1274 2413 1308 2472 et

105 2557 108 2561 ·
184 2551 283 2596 vanae
314 2531 484 2616 opiniones
514 2508 741 2615 proferantur,
773 2547 965 2613 persuasum
994 2521 1116 2604 habeo;
1159 2529 1239 2610 quia
1268 2549 1307 2592 ex

181 2653 305 2734 optimc
328 2649 386 2716 iiic
410 2651 530 2735 codiee,
554 2651 634 2716 satis
656 2655 695 2716 ut
710 2651 839 2714 videtur
860 2649 1000 2714 fontium
1023 2647 1213 2714 memoriam
1234 2648 1307 2714 reti·

180 2777 297 2853 nante,
326 2771 390 2836 nisi
411 2770 568 2854 pristinae
597 2769 720 2834 formae
750 2767 872 2852 effigies
900 2768 1060 2850 quaedam
1083 2767 1180 2851 quasi
1202 2785 1307 2832 resus-

178 2890 284 2954 citata
313 2891 374 2974 sit,
402 2909 515 2954 vereor
544 2909 585 2952 ne
614 2894 724 2955 cetera
754 2910 839 2970 quae
868 2887 933 2952 huc
960 2907 1065 2969 usque
1093 2887 1308 2953 innotuerunt

179 3009 333 3074 tenebras
371 3010 531 3093 depellere
570 3027 636 3072 non
673 3009 809 3091 possint.
859 3006 904 3071 At
932 3027 1006 3072 vero
1026 3005 1217 3072 rfirmissimo
1246 3005 1308 3070 hoc
1404 3025 1413 3069 f

181 3129 370 3211 disputandi
400 3133 433 3192 et
460 3127 626 3204 iudicandi
655 3112 868 3191 fundamento
897 3127 1028 3191 innixus
1057 3127 1114 3210 qui
1136 3125 1178 3190 ad
1199 3130 1309 3190 cetera

180 3249 322 3332 accedit,
351 3248 473 3313 claram
500 3247 576 3312 inde
605 3248 710 3312 iucem
738 3244 894 3330 profundi
916 3245 1019 3329 videt,
1049 3265 1115 3328 qua
1136 3245 1310 3328 perspicua

180 3367 364 3432 reddantur
386 3371 482 3434 ctiam
504 3369 572 3450 ilia,
595 3388 681 3451 quae
703 3366 800 3450 paulo
817 3364 1004 3464 obscuriora
1020 3371 1118 3430 antea
1131 3366 1310 3460 latuerunt.

182 3487 254 3564 Qua
277 3487 316 3550 de
349 3507 385 3552 re
407 3509 480 3552 cum
502 3507 636 3571 prorsus
665 3507 789 3551 mecum
812 3488 996 3552 consentire
1017 3483 1309 3569 Wachsmuthium,

183 3608 240 3690 qui
271 3627 289 3670 e
320 3608 429 3673 codice
459 3605 678 3688 Neapolitano
710 3594 815 3670 multa
844 3605 964 3690 edidit,
997 3625 1062 3670 non
1092 3603 1214 3687 possim
1243 3625 1308 3669 nou
1367 3647 1370 3656 ·

177 3719 335 3811 gaudere,
365 3727 433 3791 eius
455 3723 555 3792 verba
586 3724 771 3789 adscribere
794 3725 909 3807 liccat,
939 3743 1023 3807 quac
1045 3723 1079 3788 in
1102 3725 1183 3790 Mus.
1206 3724 1308 3788 Rhen.

181 3845 290 3912 tXX
313 3865 343 3928 p.
360 3847 420 3910 377
445 3846 612 3928 legunturz
656 3844 743 3929 ,Und
765 3866 801 3910 so
823 3843 904 3908 wird
927 3842 1028 3908 durch
1053 3845 1142 3910 diesc
1164 3843 1309 3909 Mitthci-
1369 3915 1371 3920 ,

183 3965 304 4048 lungun
335 3963 528 4044 reichliches
557 3963 713 4031 Material
743 3985 782 4027 zu
813 3963 903 4027 einer
932 3961 1117 4047 Scheidung
1148 3961 1205 4026 der
1229 3963 1310 4046 jetrt

181 4085 256 4148 wir-1·
273 4083 376 4152 durch
392 4083 549 4150 einander
566 4081 738 4166 liegcnden
748 4082 1004 4154 Scholienmassc
1019 4081 1179 4178 geltefert,
1202 4083 1309 4150 einer
