3002 4614
668 293 880 358 -44..

209 464 310 530 Vides
339 454 477 530 nullum'
495 487 595 529 unum
624 464 748 547 locum,
779 485 874 548 quem
905 463 1074 528 Heliodori
1104 484 1174 528 esso
1203 465 1338 531 Wnehs·

209 583 351 650 muthius
380 589 533 667 testatur,
570 585 597 648 si
626 583 757 667 quidem
786 585 949 666 reperitur
980 583 1014 648 in
1045 582 1218 649 Aueodotis
1250 585 1340 667 apud

210 725 405 788 anonymum
437 701 714 787 Hamburgensem
740 704 880 784 ,deesse3
921 708 1036 767 contro
1075 703 1202 770 nullum
1236 726 1340 770 unum

210 823 378 889 Heliodori
400 822 533 887 verbum
556 823 642 907 apud
673 823 770 888 alium
799 828 904 888 exstat
933 821 1051 888 codicis
1078 821 1339 906 Hcmburgcnsis

209 942 425 1008 scholiastam.
479 950 483 955 '

294 1062 358 1128 Sed
384 1063 481 1128 etiam
510 1060 592 1126 illud
620 1081 707 1125 nunc
736 1061 854 1126 rectius
883 1060 1070 1144 intellegeS,
1100 1061 1189 1144 quod
1217 1085 1248 1146 p.
1274 1063 1341 1128 384

209 1181 471 1249 Wachsmuthius
493 1180 591 1263 dixit,
620 1180 788 1245 Heliodori
816 1181 1011 1246 scholiorum
1039 1201 1192 1264 maguum
1214 1187 1341 1264 partem

210 1301 244 1366 in
265 1299 405 1367 Bekkeri
426 1287 570 1380 ¹editione
593 1300 779 1365 desiderari.
823 1300 907 1364 Nam
929 1299 1017 1383 quod
1038 1301 1177 1365 Hartius
1201 1321 1340 1367 commc-

209 1425 409 1504 moraverat,
446 1420 481 1485 id
510 1420 579 1502 ipse
608 1419 754 1501 inspecto
782 1420 892 1484 codice
923 1420 1075 1503 cognovi:
1106 1421 1270 1504 permulta
1300 1442 1341 1486 ex

210 1539 272 1605 hac
294 1540 413 1606 codicis
435 1545 530 1622 parte
552 1537 719 1604 Bekkorus
747 1539 983 1640 praetermisit,
1015 1559 1151 1620 quorum
1175 1539 1241 1602 elia
1262 1538 1341 1604 levi-

211 1659 277 1725 oris
300 1659 454 1724 momenti
478 1663 564 1741 suut‚
588 1658 654 1722 alis
676 1664 785 1722 autem
808 1659 877 1722 eius
900 1657 1038 1752 generis,
1061 1657 1152 1723 utin
1172 1679 1258 1725 nova
1274 1659 1341 1724 edi-

104 1788 109 1800 ‘
211 1779 300 1844 tioue
336 1777 519 1867 spernenda
553 1799 619 1842 non
652 1777 727 1841 sint.
783 1777 889 1854 Quare
921 1776 1245 1860 circumspiciendum
1279 1783 1341 1862 cst,

211 1897 475 1963 nonnullone
506 1896 619 1961 saltem
648 1895 817 1960 Heliodcri
847 1896 972 1962 scholia
996 1918 1015 1960 a
1036 1895 1185 1962 Bekkero
1209 1903 1340 1962 tautum

210 2018 347 2100 reiecta,
377 2017 503 2098 inipso
526 2022 636 2080 autem
658 2015 768 2080 codice
791 2021 920 2082 servata
943 2015 1023 2091 sint3
1051 2036 1127 2080 nom
1157 2017 1267 2080 omnia
1289 2040 1341 2082 ex-

211 2141 300 2202 stare
323 2155 364 2200 no
383 2113 569 2218 exspectari
587 2135 716 2218 quidem
730 2139 850 2217 potest,
873 2155 943 2199 cum
960 2136 1043 2200 nulli
1059 2133 1127 2200 fero
1141 2134 1340 2202 scholiorum

212 2255 338 2321 codices
362 2277 381 2319 a
402 2255 610 2324 librariisea
637 2275 715 2340 cura
745 2258 844 2335 atquc
874 2253 1045 2338 diligentia
1075 2253 1232 2338 descripti
1264 2255 1341 2337 siut,

213 2375 292 2458 quin
316 2375 373 2439 elii
396 2374 463 2442 alia
485 2375 680 2439 omitterent.
725 2373 840 2455 Itaque
871 2374 899 2437 si
919 2373 1076 2438 nonnulla
1097 2378 1229 2457 praeter
1252 2373 1343 2439 edita

211 2493 382 2559 Heliodori
394 2490 575 2578 fragmenta
591 2493 625 2557 in
637 2492 876 2575 Humburgensi
892 2491 1040 2575 indagari
1055 2497 1219 2576 poterunt,
1231 2499 1342 2576 gratu-

211 2612 347 2678 landum
369 2613 461 2680 nobis
483 2613 555 2676 erit.
598 2612 704 2695 Atque
724 2616 862 2694 possunt
884 2611 1048 2696 nimirum,
1069 2617 1107 2676 ut
1129 2611 1228 2676 etiam
1251 2613 1343 2679 resti-

213 2739 307 2799 tuere
329 2733 427 2797 liceat
449 2753 487 2796 ea
509 2726 649 2815 quao‘in
669 2729 885 2814 Neapolitano
908 2721 1062 2813 corrupta
1084 2736 1177 2806 sunt;
1205 2735 1243 2796 ut
1266 2738 1343 2816 post

212 2871 243 2936 p.
259 2851 353 2934 899,8
376 2851 458 2918 haec
479 2850 574 2915 valde
595 2851 745 2917 mutilata
768 2871 801 2914 se
824 2849 941 2932 legisse
960 2849 1222 2916 Wnchsmuthius
1245 2856 1342 2917 testa·

215 2978 286 3037 tur:
318 2965 454 3056 ἄρθρον
477 2969 545 3034 ἐστὶ
570 2970 669 3052 μέρος
693 2967 795 3052 λόγον
818 2966 989 3032 πτωτικόν
1012 2967 1089 3032 α’ντὶ
1114 2968 1173 3034 τοῦ
1195 3019 1340 3036 .......

214 3089 374 3175 πόμενον.
419 3087 744 3178 Ολᾙοηὼστςοοοὶε
772 3106 802 3170 p.
826 3088 902 3151 331:
938 3083 1074 3173 ἄρθρον
1108 3089 1210 3174 μέρος
1239 3083 1342 3174 λόγον

214 3206 383 3275 πτωτικόν
410 3209 488 3274 ἀντὶ
517 3207 579 3272 τοῦ
601 3203 741 3282 πτώσεις
763 3205 798 3271 ἕν
819 3204 923 3294 ἑαυτῷ
946 3204 1033 3292 ἐ’χον,
1064 3205 1344 3294 προτοσσόμενον

217 3329 277 3394 καὶ
298 3325 574 3411 ὑποτασσόμενον
596 3333 644 3402 lut
667 3327 700 3390 ln
708 3325 926 3409 Neapolitano
949 3325 1089 3390 fortasse
1103 3349 1168 3392 non
1187 3321 1342 3412 πόμενον,

216 3448 274 3513 sed
289 3443 596 3533 [όποτσ]ττόμενον
612 3447 766 3534 scriptum
781 3468 850 3510 esse
866 3445 1024 3529 suspicari
1037 3444 1146 3544 liceat,
1162 3467 1235 3511 cum
1247 3445 1343 3512 focile

218 3566 304 3631 inter
327 3588 361 3631 so
383 3566 538 3632 confundi
554 3565 683 3650 possint
698 3588 738 3630 ττ
755 3571 788 3630 et
802 3565 839 3650 π)
856 3567 913 3643 τῆς
929 3564 1067 3639 κλίσεως
1079 3565 1146 3630 τόν
1157 3561 1343 3649 όνομότων.

301 3686 402 3752 Porro
444 3686 532 3770 quod
569 3687 604 3752 in
643 3685 858 3769 Neapolitano
895 3682 1160 3750 Wachsmuthius
1201 3683 1343 3751 Bekkeri

217 3823 247 3886 p.
271 3805 386 3888 927,32
416 3808 509 3889 sequi
536 3805 661 3888 docuit,
692 3805 778 3870 idem
807 3805 841 3869 iu
868 3803 939 3868 cod.
964 3804 1203 3887 Hamburgeusi
1225 3827 1256 3889 p.
1281 3805 1343 3870 348

219 3929 296 4009 post
324 3923 418 4008 9283
448 3925 603 3990 inscrtum
626 3931 676 3990 est
698 3924 795 4009 paulo
818 3922 963 4007 plenius,
999 3930 1034 3989 ut
1062 3923 1138 3989 indo
1164 3924 1344 3991 breviatam

218 4062 288 4110 csse
309 4041 516 4129 Neapolitani
539 4045 759 4112 recensionem
780 4042 960 4130 intellegas.
