3002 4614
631 277 841 344 -61..

165 449 266 517 schol.
298 449 395 518 Dion.
425 449 535 536 8321:
580 449 656 538 (τῆς
695 449 960 536 ιιιρισνιωμὲνης)
995 449 1032 514 ἐκ
1067 449 1126 516 δύο
1163 447 1294 517 τόνων

167 569 399 660 συγκειμένης,
438 569 495 636 ubi
526 567 634 656 τόνων
663 570 853 653 compendio
888 571 1046 654 scriptum
1074 569 1127 652 (cf.
1149 571 1295 636 Bastium

166 714 200 777 p.
227 691 302 772 789)
324 709 424 774 prave
452 689 653 756 intellectum
684 696 750 774 est,
779 695 816 754 ut
846 691 945 755 multo
976 691 1096 756 rectius
1124 689 1296 777 Caesarem

166 833 196 896 p.
221 809 285 876 XII
315 807 441 891 τόνων,
477 831 576 892 quam
605 807 834 875 Westfahlium
874 807 951 872 τότε
982 807 1086 873 τόνων
1116 812 1295 876 correxisse

164 935 289 1016 'pateat
309 949 356 977 ¹-
387 928 508 995 Contre
537 929 637 994 etiam
662 929 696 993 in
725 928 754 993 Ι)
778 931 923 992 erratum
945 935 1012 1011 est,
1042 928 1098 994 ubi
1121 931 1294 1019 genuinam

55 1059 60 1072 “
168 1051 360 1116 memoriam
381 1050 503 1114 retinet
524 1049 562 1134 E,
585 1048 616 1112 h.
639 1069 666 1115 e.
689 1048 715 1112 F
739 1051 772 1112 et
795 1048 837 1130 G3
860 1046 900 1111 cf.
922 1046 1021 1112 schol.
1037 1049 1140 1132 Heph.
1166 1051 1296 1134 117,12:

169 1171 224 1234 καὶ
249 1166 472 1248 ἐπιζητούσης
496 1167 558 1245 τόν
584 1166 803 1254 συλλαβήν
831 1165 892 1232 δύο
913 1165 1048 1254 χρόνους
1076 1165 1215 1254 ἔχουσαν
1237 1171 1296 1249 (sic
1365 1147 1367 1159 Δ

168 1290 228 1373 leg.
259 1308 320 1372 pro
351 1284 474 1373 ἔχοντι)
509 1286 609 1375 φύσει
642 1283 682 1350 οὐ
713 1285 808 1350 θέσει
816 1309 828 1366 ,·
857 1286 956 1352 schol.
978 1287 1071 1352 Dion.
1093 1289 1205 1373 832,1:
1237 1291 1294 1372 ναὶ

168 1406 336 1488 ζητούσης
366 1407 521 1490 λαβεῖν
543 1407 605 1472 δύο
622 1403 758 1492 χρόνους
781 1403 924 1490 ἔχουσαν
944 1387 1043 1492 pica
1064 1405 1103 1470 ον’
1127 1406 1295 1474 θέσει

169 1528 238 1606 Quo
275 1529 347 1595 loco
389 1526 530 1611 λαβεῖν,
570 1545 759 1610 quanquam
801 1524 931 1592 defendi
974 1544 1068 1608 posse
1104 1547 1169 1592 non
1202 1547 1296 1614 nego,

168 1655 281 1714 tamen
301 1654 436 1730 propter
458 1645 648 1713 mendorum
671 1644 889 1728 frequentiam
911 1650 944 1709 et
966 1645 1100 1712 alterius
1116 1647 1295 1732 scripturae

163 1768 403 1852 praestantiam
431 1789 449 1832 e
478 1764 654 1851 συλλαβήν
683 1771 795 1831 natum
824 1785 894 1831 esse
921 1765 1125 1851 probabilius
1154 1767 1293 1854 videtur,

163 1889 362 1973 praesertim
384 1908 457 1954 cum
480 1885 542 1951 σνλ
557 1885 641 1952 inter
663 1906 684 1949 σ
699 1885 766 1951 etl.
789 1885 883 1954 facile
906 1885 1053 1952 excidere
1075 1881 1230 1970 potuerit.
1255 1925 1295 1936 —-

167 2007 328 2076 Similiter
357 2011 581 2092 comparatum
609 2012 674 2092 est,
711 2006 800 2089 quod
826 2005 861 2072 in
888 2005 987 2074 schol.
1009 2007 1103 2072 Dion.
1125 2029 1156 2090 p.
1179 2006 1296 2092 830,32

165 2127 247 2193 haec
276 2128 448 2212 leguntur:
493 2127 590 2192 Δοκεῖ
608 2125 673 2212 γάρ
698 2121 717 2205 ἡ
742 2121 834 2203 όξιῑα
936 2126 999 2208 τόν
1023 2129 1185 2214 βραχεῖαν
1206 2124 1295 2192 αἰνα-

166 2247 358 2313 νιαλεῑσθαι
380 2249 439 2311 καὶ
463 2243 605 2330 α’νόγιιν
627 2239 675 2319 εἰς
696 2241 936 2333 ὑπερτέραν
958 2241 1075 2326 τάξιν,
1105 2247 1140 2310 in
1162 2245 1294 2312 scholiis

164 2375 274 2434 autem
303 2367 603 2453 Heph.p.116‚14
632 2371 665 2431 et
695 2366 783 2451 apud
811 2365 993 2432 Draconem
1021 2387 1059 2450 p:
1078 2366 1148 2449 7,3:
1186 2343 1295 2432 Aorsi

163 2486 231 2572 γάρ
261 2487 282 2564 ἠ
313 2481 407 2564 ὀξεῖα
515 2485 576 2564 τήν
597 2486 758 2573 βραχεῖαν
780 2483 1042 2550 evanescebat
1073 2481 1118 2560 εἰς
1148 2483 1294 2566 ἑτέραν

166 2602 311 2685 τάξιν,
342 2607 431 2689 quod
453 2627 530 2672 sane
553 2604 683 2671 defendi
705 2611 830 2690 potest,
866 2605 929 2671 nisi
959 2611 1091 2689 prepter
1120 2607 1293 2692 rationem,

875 2711 892 2740 η

170 2781 255 2844 quae
279 2761 534 2844 interutrosque
550 2759 847 2845 librosintercedit,
870 2757 992 2844 ότέραν
1013 2760 1048 2824 in
1072 2759 1204 2846 ὑτέριιν,
1233 2760 1294 2827 hoc

165 2889 275 2946 autem
297 2882 333 2944 in
355 2877 471 2965 ἑτέραν
493 2887 684 2963 corruptum
706 2897 777 2944 esse
798 2878 1046 2961 praeferendum
1068 2880 1119 2945 sit.

166 3073 169 3080 ,
253 3004 282 3065 3.
314 3000 462 3064 Vidimus
491 2998 659 3082 hucusque
688 3019 761 3063 cum
783 2997 809 3061 F
832 3004 866 3062 et
888 2997 916 3063 G
939 3005 1009 3064 tum
1030 2998 1074 3082 E,
1097 2997 1155 3083 qui
1176 3000 1292 3066 utrius·

168 3141 231 3204 que
260 3117 333 3184 fons
361 3124 428 3203 est,
456 3139 690 3201 nonnunquam
721 3118 821 3182 etiam
842 3119 870 3182 D
896 3120 1078 3203 apristina
1102 3120 1293 3204 integritate

169 3240 348 3305 aberrasse.
394 3237 487 3316 Quod
518 3244 633 3303 contra
666 3238 706 3320 Ο,
743 3258 851 3320 equo
896 3239 1004 3304 omnia
1032 3239 1091 3302 illa
1120 3238 1292 3326 fluxerunt,

168 3360 290 3426 librum
320 3359 484 3442 integrum
520 3365 552 3424 et
581 3358 683 3426 nitide
712 3365 882 3422 exaratum
912 3357 1011 3424 fuisse
1040 3359 1116 3424 iude
1146 3358 1314 3444 efficitur,'
1370 3397 1377 3404 -

169 3481 258 3564 quod
280 3479 408 3548 nullum
430 3477 498 3543 fere
520 3499 674 3563 errorem,
696 3479 752 3561 qui
774 3477 802 3542 Ε
825 3484 858 3544 et
880 3476 1015 3544 Dlibris
1038 3480 1292 3568 communis-sit,

168 3598 397 3684 deprehendis.
444 3596 537 3675 Quod
560 3599 588 3664 si
609 3603 723 3664 notum
749 3597 942 3663 habuissent
963 3599 1020 3682 qui
1042 3597 1292 3684 Hephaestionis
1370 3685 1371 3692 ρ

167 3719 293 3786 scholia
315 3719 366 3782 vel
388 3716 559 3784 ediderunt
579 3719 629 3783 vel
651 3717 921 3802 emendaverunt,
951 3738 971 3780 a
997 3720 1191 3785 coniecturis
1213 3742 1292 3790 non·

167 3839 266 3904 nullis
288 3838 469 3904 temerariis
499 3860 616 3904 manus
640 3837 885 3904 abstinuissent.
933 3835 1167 3906 Gravissimum
1192 3840 1290 3908 huius

167 3960 215 4024 rei
244 3959 429 4042 exemplum
460 3963 526 4042 est,
557 3957 644 4042 quod
666 3956 879 4023 Westfahlius
908 3963 1063 4040 quattuor
1085 3980 1194 4026 versus
1219 3961 1291 4048 114,

170 4081 207 4145 18
215 4083 292 4145 -21
318 4079 536 4162 transposuit,
564 4079 676 4162 quiin
699 4078 831 4184 scholiis
854 4086 888 4143 et
909 4081 1052 4146 metricis
1075 4086 1108 4146 et
1130 4069 1289 4166 gramma-
