3002 4614
649 247 860 313 ...71-

196 419 381 486 communia
408 419 491 502 sint,
528 423 562 485 et
583 419 821 504 Melampodem
844 385 1061 486 Choerohosoi
1088 411 1320 516 commentario

196 523 375 623 praecipuo
397 538 488 606 fonte
509 560 605 606 usum
626 559 696 604 esse
719 539 850 605 aliunde
870 539 1046 604 verisimile
1068 541 1129 623 sit,
1159 541 1213 606 rix
1235 561 1321 604 erra

195 655 262 741 bit,
292 657 351 742 qui
380 658 480 724 etiam
508 658 568 724 illa
593 657 738 724 indidem
766 678 839 724 eum
855 664 1052 727 'mutuatum
1073 663 1144 724 es'se
1165 659 1228 725 sihi
1248 669 1321 744 per»

194 778 344 844 suaserit.
389 777 482 855 Quod
510 778 702 862 singillatim
732 790 818 844 nuno
844 799 911 844 uon
937 781 1131 862 persequar:
1163 779 1221 845 sed
1242 781 1320 845 no'n—

194 885 314 964 nullos
336 897 549 982 Melampodis
586 897 673 964 locos
704 905 721 962 e
751 898 975 966 Choerobosoo
1008 900 1143 982 corrigi'
1161 919 1259 984 posse
1293 906 1324 982 et

194 1021 307 1082 notum
337 1022 387 1082 est
417 1015 468 1098 (cf.
490 1017 640 1084 Hertium
660 1039 692 1101 p.
717 1018 769 1100 16)
799 1023 832 1083 et
859 1017 1009 1103 pluribus
1036 1019 1138 1084 etiam
1167 1018 1321 1104 exemplis

199 1152 298 1219 quam
320 1135 442 1202 factum
464 1143 512 1203 cst
533 1137 751 1204 demonstrari
772 1143 891 1220 potest.
1075 1141 1078 1148 '
1157 1141 1159 1149 '

280 1256 344 1322 Sed
372 1255 415 1322 ad
440 1255 630 1324 institutum
659 1263 813 1322 revertar.
856 1255 1069 1340 Melampodis
1099 1258 1227 1324 nomine
1256 1279 1322 1324 non

195 1375 291 1442 modo
322 1396 388 1442 non
417 1375 554 1442 refutari
589 1377 729 1442 vidimus
759 1377 1046 1442 ratiocinationem
1083 1383 1230 1442 nost1am
1266 1378 1323 1444 sed

194 1496 293 1560 etiam
317 1494 510 1561 confirmari.
550 1495 639 1574 Quid
657 1496 831 1586 ,autemde'
852 1496 1018 1579 Stephano
1042 1493 1239 1561 dicendum?
1283 1497 1321 1562 In

195 1615 287 1680 euius
316 1615 402 1682 libro
430 1637 470 1682 ea
490 1616 629 1706 maxime
658 1616 765 1682 inesse
786 1615 897 1701 video,
926 1633 1011 1698 quae
1039 1621 1171 1700 praeter
1198 1637 1266 1682 rem
1286 1586 1347 1682 in·

96 1735 99 1742 “
194 1734 319 1803 scholia
354 1735 618 1818 Hephaestionem
653 1737 816 1802 translata
851 1735 927 1802 dixi.
978 1735 1024 1800 he
1061 1734 1321 1802 Ohoeroborcum

190 1854 337 1936 'primum
358 1855 399 1920 de
410 1854 559 1938 Dionysii
581 1860 651 1922 turn
675 1856 714 1921 de
731 1855 972 1938 Hephaestione
995 1855 1163 1938 scripsisse
1181 1860 1321 1938 constat,

195 1979 233 2039 ut
255 1972 435 2040 docuinam
455 1975 545 2040 illam
566 1976 708 2059 primum
735 1975 770 2040 in
799 1973 931 2038 scholiis
954 1975 1173 2057 grammaticis
1196 1979 1266 2038 tuni
1287 1975 1322 2040 in

193 2093 338 2158 metricis
371 2113 443 2158 eum
480 2093 667 2178 exposuisse
703 2092 878 2158 verisimile
908 2095 961 2160 eit.
1016 2094 1138 2177 Itaque
1166 2094 1194 2158 si
1228 2093 1320 2158 libris

195 2218 291 2278 antea
321 2214 451 2296 scriptis
482 2213 516 2279 in
552 2213 644 2280 novis
674 2211 851 2278 condendis
879 2213 1035 2278 utebatur
1064 2211 1168 2298 (qnod
1198 2211 1321 2279 factum

194 2352 264 2398 esse
287 2331 439 2421 scimus),
468 2335 631 2400 leuitatem
654 2352 720 2415 qua
741 2333 851 2417 inepte
880 2333 1040 2398 nonnulla
1068 2305 1320 2416 transcripserit,

194 2451 249 2516 vix
277 2451 405 2518 mirari¹
421 2451 527 2537 possis
556 2452 591 2516 in
619 2453 749 2518 homine
779 2451 968 2538 Byzantina
1013 2452 1119 2530 Quare
1148 2453 1256 2518 nescio
1279 2461 1345 2525 ans

194 2583 254 2655 pr'o
274 2571 436 2638 communi
446 2571 604 2656 Stephani
622 2578 653 2638 et
667 2571 863 2638 scholiorum
875 2571 1211 2656 Hephaestionieoium
1231 2570 1321 2636 sonte

195 2691 294 2756 etiam
313 2691 531 2758 Ohoerohosci
552 2690 630 2758 libri
651 2691 794 2757 habendi
815 2692 881 2757 sint
934 2691 1068 2756 Accedit
1089 2690 1178 2775 quod
1200 2711 1321 2772 eorum,
1432 2689 1435 2694 ’

189 2831 279 2894 ‘quae
301 2813 335 2876 in
358 2807 383 2900 ξ
408 2810 447 2876 15
470 2811 705 2898 enarravimus,
735 2811 834 2876 etiam
858 2793 922 2877 alia
944 2828 1046 2894 eaque
1068 2809 1322 2876 luculentissima

149 2909 156 2920 x
194 2901 417 2998 similitudinis
439 2929 588 3013 exempla
610 2951 627 2994 e
649 2928 811 3014 Stephani
840 2932 1071 2996 commentario
1092 2929 1224 2996 fluxisse
1247 2949 1320 2994 con.-

194 3055 269 3135 stat‚
292 3055 330 3114 ut
352 3049 588 3134 p.83h‚29sq.;
610 3050 726 3135 saule
740 3071 788 3134 sq.
830 3049 979 3133 Denique
1001 3035 1036 3114 in
1059 3048 1223 3133 Stephani
1239 3048 1321 3116 libro

195 3169 232 3234 id
258 3169 398 3253 leghem,
423 3169 511 3253 quod
541 3192 580 3234 ex
608 3170 680 3253 ipso
709 3169 887 3236 enchiridio
910 3169 1116 3254 desumptum
1145 3188 1216 3234 esse
1237 3167 1321 3234 dixis

194 3309 225 3372 p.
248 3289 460 3375 sauia-16.

281 3407 370 3486 Quae
406 3429 480 3474 oum
508 3411 554 3476 ita
583 3408 664 3492 sint,
697 3408 815 3474 vixisse
844 3409 896 3474 vel
924 3409 1034 3492 potius
1056 3407 1224 3490 scripsisse
1241 3412 1321 3492 ¹post
1412 3384 1416 3395 x

144 3549 146 3556 ’
196 3528 457 3596 Choeroboscum
484 3528 787 3618 Mlelampodem
818 3549 877 3612 pro
907 3532 996 3593 certo
1026 3525 1206 3609 contende,
1234 3527 1320 3592 Ste—
1370 3545 1372 3548 ·

195 3648 377 3732 phanum
398 3649 467 3714 veri
489 3648 688 3716 simillimum
709 3653 798 3734 puto.
842 3647 922 3714 Inde
942 3651 1019 3712 aute
1041 3645 1150 3712 omnia
1165 3645 1204 3712 de
1219 3646 1321 3730 ipsius
1383 3705 1386 3710 .

193 3767 488 3837 Choerobosci
525 3773 631 3834 aetate
657 3768 759 3866 paulo
787 3769 972 3833 accuratius
1000 3765 1223 3848 quaerendum
1252 3771 1322 3830 es'se

198 3909 257 3972 per
280 3911 313 3952 se
336 3893 437 3974 patet.
480 3887 604 3954 Attulit
633 3894 765 3974 master
794 3887 874 3954 alios
897 3886 1084 3970 saepissime
1106 3885 1322 3968 Philoponirm

194 4013 233 4074 ut
260 4008 294 4072 in
323 4007 407 4074 Dict.
434 4007 663 4090 4,to;21,1o;
694 4007 809 4094 826,ῧῖ
838 4013 915 4085 cet3
942 4001 1073 4074 »moedis
1104 4003 1192 4090 quod
1217 4004 1316 4090 hildi
