3002 4614
671 383 900 452 -68-.

211 558 363 626 librarius
392 555 566 634 destiterit;
606 557 642 622 in
669 557 768 626 schol.
798 561 908 628 autem
935 557 1030 624 Dion.
1060 557 1338 644 832,2d—835,2‘1

211 700 277 745 non
305 677 401 744 modo
434 677 497 746 hoo
527 681 754 761 argumentum
783 677 974 769 absolvitur,
1005 677 1066 745 sed
1099 678 1199 746 etiam
1228 684 1340 746 cetera

210 797 307 884 plene
333 803 529 866 tractantur.
572 793 686 880 Neque
715 798 814 883 plura
841 799 877 866 in
904 797 1063 866 Draconis
1095 797 1181 866 libro
1211 805 1340 866 servata

210 923 308 1000 sunt,
335 919 393 1001 qui
413 923 525 985 tamen
550 917 585 984 id
606 917 695 1002 quod
716 917 828 986 deesse
849 917 932 984 vidit
958 915 1046 986 infra
1072 937 1106 983 se
1127 922 1242 1003 ipsum·
1257 918 1338 984 alla-

210 1043 318 1105 turum
341 1059 411 1105 esse
432 1037 572 1122 benigne
594 1036 774 1120 pollicetur.

294 1160 411 1244 Itaque
446 1157 642 1227 conserendo
678 1162 712 1224 et
741 1156 940 1224 recensendo
974 1177 1035 1224 nos
1072 1175 1202 1242 quoque
1238 1155 1339 1224 finem

209 1278 422 1364 imponamus.
1140 1263 1144 1267 Δ

723 1437 843 1554 51ss

292 1638 333 1704 In
360 1643 501 1722 utraque
530 1637 727 1704 scholiorum
755 1635 906 1722 congerie
941 1635 1105 1720 permulta
1132 1633 1337 1704 communem

145 1804 147 1808 .
211 1758 368 1842 originem
395 1758 535 1842 predere
567 1756 696 1824 abunde
719 1757 955 1841 demonstrari,
983 1761 1022 1822 ut
1049 1755 1146 1822 unius
1168 1754 1339 1822 cuiusdam

210 1878 354 1946 auctoris
375 1878 512 1962 vestigia
533 1877 655 1960 ubique
676 1877 852 1944 manifesta
874 1896 944 1942 esse
965 1876 1018 1942 vix
1040 1876 1154 1960 negari
1175 1874 1338 1960 possit-

209 1997 295 2076 Quid
317 2003 425 2064 autem
449 1995 488 2062 de
510 1980 678 2064 communi
686 1996 743 2063 illo
758 1997 850 2064 fonte
865 1995 1077 2064 statuendum
1092 1996 1165 2062 est?
1199 1994 1338 2064 Constat

209 2117 469 2184 Choeroboscum
491 2118 525 2182 in
547 2123 718 2200 utrumque
741 2115 861 2182 librum
883 2109 1133 2182 commentarios
1155 2117 1337 2204 scripsisse,

209 2241 339 2302 constat
366 2237 535 2319 utriusque
564 2237 785 2304 commentarii
808 2255 862 2302 eas
893 2235 1062 2322 superesse
1084 2234 1268 2322 relliquias,
1296 2240 1337 2302 ut

189 2339 468 2425 ‘Choeroboscum
497 2377 572 2422 suos
599 2355 699 2424 libros
729 2353 918 2421 afferentem
948 2356 1166 2439 reperiamus3
1207 2361 1336 2424 constat

208 2477 347 2560 denique
377 2475 445 2542 alia
472 2475 616 2560 plurima
644 2475 685 2542 ab
712 2497 778 2541 uno
801 2453 935 2542 auctore
956 2473 1104 2560 profecta
1125 2495 1204 2542 esse.
1246 2475 1334 2542 Num

207 2595 466 2662 Choeroboscum
492 2615 694 2662 communem
722 2595 815 2662 illum
845 2600 1012 2662 auctorem
1040 2593 1141 2662 fuisse
1170 2615 1257 2662 nunc
1278 2615 1334 2662 ne·

204 2714 320 2801 gabis?

290 2835 412 2902 Tamen
435 2834 558 2919 siquis
581 2813 760 2919 exstiterit,
790 2836 849 2919 qui
879 2855 1069 2918 quanquam
1089 2854 1130 2899 ea
1150 2855 1236 2918 quae
1257 2853 1333 2902 oon·

206 2961 294 3024 stare
324 2953 393 3020 dixi
420 2953 543 3021 infitias
570 2960 730 3041 nonest,
758 2961 868 3025 tamon
891 2955 1084 3040 potuisse
1107 2953 1204 3022 etiam
1228 2955 1332 3022 alium

206 3075 368 3160 quendam
398 3081 476 3141 ante
506 3072 833 3162 Choeroboscum‘ea
860 3095 945 3159 quae
972 3077 1156 3144 communia
1185 3080 1264 3142 sunt
1290 3096 1332 3142 ex

205 3195 319 3260 alteris
342 3193 475 3260 scholiis
497 3193 532 3260 in
555 3193 661 3260 altera
682 3194 862 3264 transferre
883 3195 1071 3282 contendat,
1092 3193 1220 3262 habebo
1242 3195 1333 3280 quod

205 3316 235 3380 ei
258 3313 405 3380 obiciam.
449 3314 568 3382 Utrum
586 3315 671 3382 enim
686 3315 892 3382 verisimilius
907 3321 968 3401 est,
984 3314 1085 3382 luisse
1098 3315 1190 3382 illum
1207 3315 1340 3382 utrius-1

104 3505 107 3512 ,
204 3455 267 3518 qus
297 3434 373 3500 libri
402 3433 613 3517 interpretem
643 3435 766 3502 necne?
811 3435 867 3502 Sin
900 3456 976 3502 vcro
1007 3434 1266 3502 Ohoeroboscum
1294 3433 1331 3500 in

204 3560 341 3638 utroque
363 3552 448 3621 libro
470 3553 665 3622 illustrando
688 3561 788 3638 atque
809 3555 992 3622 enarrando
1022 3574 1156 3639 operam
1180 3554 1330 3637 posuisse

205 3672 362 3758 sciamus,
392 3693 497 3758 neque
527 3673 567 3740 de
597 3693 761 3760 quoquam
789 3653 962 3760 prae'terea
990 3673 1076 3742 idem
1104 3674 1244 3740 relatum
1274 3673 1329 3757 sit,

202 3801 314 3861 utrum
334 3793 404 3860 viae
426 3813 464 3858 ac
486 3793 614 3878 rationi,
637 3815 736 3880 quam
757 3795 851 3878 sequi
871 3792 1034 3879 debemus,
1057 3793 1329 3860 accommodatius

203 3914 233 3978 ei
255 3911 401 3995 videtur,
432 3911 691 3980 Choeroboscum
713 3933 915 3981 communem
937 3934 1007 3980 esse
1038 3912 1162 3980 fontem
1178 3909 1330 3980 confiteri

202 4053 245 4099 an
261 4051 336 4098 vero
353 4033 496 4116 negare?
532 4032 685 4098 Fortasse
708 4035 736 4100 si
758 4032 1043 4118 grammaticorum
1065 4032 1202 4100 historia
1223 4019 1327 4098 multo

202 4153 385 4220 accuratius
414 4171 513 4238 quam
534 4151 599 4216 huc
623 4171 727 4236 usque
748 4151 869 4218 factum
891 4159 941 4222 est
962 4156 1107 4222 tractata
1135 4157 1169 4218 et
1195 4152 1327 4221 investi·
