3002 4614
424 1177 751 1258 Argumenta
793 1176 1040 1258 capitum
1148 1160 1154 1168 ’

685 1357 788 1370 Μν-

193 1476 254 1540 51.
291 1473 325 1526 iis
345 1473 455 1538 storiati
480 1473 588 1527 Thracis
612 1475 798 1539 interpretibus
821 1471 956 1524 veteribus
980 1471 1129 1525 accuratius
1146 1489 1226 1542 quam
1244 1472 1297 1526 huc

288 1575 372 1628 usque
388 1557 488 1610 iactum
507 1565 548 1610 est
564 1559 747 1627 quaerendum
765 1573 822 1610 esre
840 1557 955 1610 videtur.

192 1665 208 1726 5
226 1663 251 1712 2.
288 1658 321 1715 In
338 1661 495 1714 scholiorum
509 1659 719 1726 stripinneium
738 1659 857 1713 iconius
875 1669 955 1729 atque
974 1659 1127 1712 auctoribus
1140 1659 1298 1729 indagandis

289 1753 317 1796 et
340 1747 448 1799 codices
472 1745 625 1815 diligentius
648 1745 802 1798 excutiendi
826 1754 854 1798 et
877 1745 911 1798 de
929 1747 1081 1800 suetonios
1099 1763 1167 1816 quae
1185 1744 1292 1798 aliunde

286 1830 438 1883 referuntur
454 1829 546 1883 dedita
562 1842 644 1901 opera
661 1831 843 1900 conquirenda
859 1839 933 1884 sunt.

476 1998 589 2086 caput
609 2000 644 2068 Ι.
686 2001 739 2068 lie
762 1973 990 2086 Melampode.
1103 2009 1111 2014 ’

194 2157 209 2220 5
228 2157 254 2207 3.
290 2153 315 2206 Ε
333 2156 425 2208 corice
444 2155 626 2222 limburgensi
644 2172 711 2224 quos
734 2163 762 2208 et
779 2153 824 2208 aiii
841 2162 868 2208 et
885 2154 1075 2225 disputationis
1092 2164 1185 2208 auctor
1196 2154 1298 2208 fructus

288 2239 456 2310 perceperint
472 2251 620 2294 enarretur.

196 2346 254 2409 54.
292 2341 397 2396 Codicis
414 2341 627 2412 Hamburgensis
650 2341 849 2412 pertredecim
873 2333 1238 2412 scholiorum'paragraphos
1255 2358 1297 2394 ac-

112 2418 114 2420 *
291 2435 382 2480 curato
413 2425 571 2496 descriptio,
603 2444 656 2496 qua
680 2427 821 2498 praecipue
849 2429 914 2482 deos
939 2431 1018 2482 iihras
1037 2427 1216 2498 ‘mnscdptos
1240 2443 1298 2480 esse

291 2512 503 2575 demonstratum
529 2529 643 2582 quorum
666 2513 748 2583 priori
766 2514 933 2580 fleirmpodis
950 2513 1092 2584 posteriori
1109 2513 1231 2580 Stephani
1248 2530 1295 2566 no-

290 2597 363 2650 mina
380 2613 571 2667 nonnunquam
590 2599 741 2669 praeposita
758 2607 829 2652 sunt.

195 2705 252 2767 55.
292 2702 326 2754 iis
344 2697 525 2765 flcismp'odis,
553 2699 627 2753 cuius
650 2701 678 2753 in
701 2701 818 2772 quinque
841 2700 1015 2772 paragraphis
1038 2717 1136 2754 nomen
1152 2700 1293 2772 reperitur,

292 2787 393 2839 dicendi
411 2799 516 2852 genera.

195 2893 210 2955 5
228 2893 255 2942 6.
279 2887 323 2940 *In
341 2886 437 2939 ceteris
455 2903 561 2956 quoque
579 2887 696 2957 priorem
714 2887 812 2941 librum
830 2888 855 2942 ei
878 2887 1050 2942 tribuendum
1067 2905 1124 2941 csse
1142 2905 1157 2940 e
1175 2904 1296 2940 scrmone

291 2971 412 3026 efficitur.

195 3079 211 3142 5
229 3076 255 3129 7.
292 3076 458 3141 flatampodis
475 3077 642 3140 scholiorum,
662 3093 731 3144 quae
744 3076 772 3129 in
783 3076 956 3148 paragraphis
967 3076 1096 3130 tredecim
1108 3083 1213 3146 reperta
1224 3083 1295 3139 nint,

291 3159 410 3212 omnium
428 3162 510 3214 index.

196 3265 212 3328 5
230 3266 256 3317 8.
292 3261 334 3315 Ea
359 3279 429 3331 quae
451 3261 480 3316 iu
502 3262 701 3332 Hamburgensi
724 3263 758 3316 ad
783 3263 983 3334 Melampodem
999 3263 1150 3317 referuntur
1166 3261 1194 3314 in
1211 3255 1296 3316 aitero

292 3348 409 3417 quodam
431 3348 554 3402 codicum
577 3365 675 3418 genere
700 3351 812 3404 Diomedi
835 3350 1005 3414 tribuuntur,
1031 3358 1061 3402 ut
1082 3366 1166 3402 unum
1183 3356 1298 3418 utroque

291 3433 398 3486 nomine
416 3433 552 3516 hominpm
568 3433 712 3502 significari
729 3443 828 3505 pateat.

195 3540 255 3603 59.
290 3535 366 3588 Inter
390 3535 495 3589 codices
519 3539 713 3603 hispontanam
738 3555 754 3590 a
775 3536 981 3590 Wachsmuthio
1005 3552 1146 3588 excussum
1168 3544 1196 3588 et
1212 3533 1297 3587 Ham-

292 3620 453 3692 burgensem
471 3639 503 3674 ea
519 3621 661 3676 intercedit
677 3623 762 3688 ratio,
781 3624 856 3678 utin
874 3622 926 3675 hoc
943 3621 1103 3675 scholiorum
1120 3619 1186 3673 ordo
1204 3619 1298 3674 melius

293 3715 411 3774 servatus
434 3707 482 3771 sit,
514 3708 542 3761 in
565 3707 613 3762 illo
635 3718 776 3763 auctorum
804 3708 912 3762 nomina
935 3705 1053 3760 frustulis
1079 3705 1184 3777 saepius
1206 3704 1299 3758 addita

292 3791 361 3856 sint;
385 3792 457 3845 unde
479 3792 593 3846 alterurn
610 3793 709 3847 librum
726 3795 960 3864 Hamburgensem
982 3800 1070 3846 totum
1094 3808 1150 3844 esse
1168 3788 1297 3861 Stephani

291 3877 457 3949 perspicitur.

198 3986 214 4049 5
233 3985 275 4036 10.
293 3981 414 4049 taphsa
432 3983 598 4048 scholiorum,
620 3999 688 4052 quae
706 3983 734 4037 in
747 3981 875 4037 tredecim
892 3980 1069 4057 paragraphis¹
1082 3980 1296 4048 exstantssrdsr.
