3002 4614
659 286 868 352 ..28-

197 455 364 543 Arbeit,
394 458 459 524 die
490 457 669 524 frsilich
699 455 803 522 ohne
825 478 929 524 neue
954 457 1151 524 Einsioht
1173 461 1328 544 wenig-

198 583 312 644 stens
341 577 412 644 der
434 575 709 674 wicbtigsten
737 576 808 642 der
830 571 1176 644 Handsohriften
1204 579 1328 644 nicht

139 737 145 750 ι
198 718 243 760 zu
265 695 378 762 Ende
407 719 456 762 zu
482 695 634 762 fiihren
663 695 738 779 ist,
767 695 958 764 daBekker
980 747 1085 764 ......
1129 697 1233 764 Sollto
1255 699 1327 764 sich

197 817 337 883 demand
373 817 478 883 dieser
513 836 598 880 zuar
626 815 719 882 nicht
748 815 830 884 eben
862 817 1095 900 erfreulichen,
1129 816 1207 884 aber
1241 818 1328 886 doch

197 936 386 1002 niitzlicheu
407 936 523 1002 Arbeit
544 935 772 1020 unterziehen,
800 958 843 1002 so
872 937 975 1003 wird
1004 956 1046 1002 es
1067 935 1151 1002 ihm
1173 939 1326 1021 gewiss

197 1055 414 1140 gelingen,
447 1055 712 1121 mindestens
741 1054 809 1120 fiir
844 1056 919 1122 deu
947 1057 1218 1141 Hauptstock
1252 1057 1327 1124 der

198 1173 398 1240 Scholion
424 1174 491 1241 die
517 1174 804 1241 Autorschaft
830 1176 907 1241 mit
934 1174 1250 1242 Bestimmtheit
1278 1199 1327 1242 zu

198 1269 418 1360 ermitteln
449 1295 517 1360 uud
540 1294 643 1359 damit
665 1295 760 1360 einen
782 1294 871 1362 nicht
892 1293 1170 1362 unussentlicheu
1191 1294 1328 1381 Beitrag

197 1437 238 1480 zu
253 1414 310 1480 der
324 1413 520 1482 Gesohichte
537 1415 594 1480 der
606 1413 831 1498 griechischen
844 1412 1046 1481 Grammatik
1060 1413 1114 1480 fiir
1129 1414 1182 1480 die
1195 1415 1327 1484 bessere

83 1523 88 1538 ¹
202 1533 448 1620 byzantinische
471 1533 541 1600 Zeit
562 1555 601 1598 zu
622 1532 760 1600 liefern!

284 1653 348 1718 Sed
371 1659 547 1736 antequam
569 1651 831 1738 progrediamur,
859 1675 959 1720 uuum
981 1653 1259 1738 praemonendum
1279 1654 1326 1720 vi-

198 1773 302 1838 detur.
346 1772 537 1838 Rectissime
572 1771 658 1836 enim
688 1771 857 1838 Fabricius
886 1772 964 1838 bibl.
989 1774 1043 1840 Gr.
1063 1768 1109 1838 VI
1131 1793 1164 1856 p.
1189 1773 1252 1838 309
1275 1773 1326 1838 ed.

198 1891 286 1959 Harl.
309 1893 344 1957 in
367 1891 565 1957 scholiorum
593 1891 686 1957 libris
715 1914 790 1958 mss.
812 1897 944 1977 praeter
974 1898 1098 1958 ceteras
1122 1893 1219 1961 etiam
1241 1891 1328 1958 banc

108 2007 109 2016 ’
198 2011 421 2094 confusionem
443 2032 513 2076 esse
535 2012 710 2096 perspexit,
734 2012 821 2094 quod
841 2033 939 2096 ,quae
961 2013 1004 2078 iu
1018 2013 1087 2078 cod.
1110 2011 1327 2081 Holstcuiauo
1350 2021 1357 2036 ‘

198 2131 244 2214 (b.
269 2129 570 2218 aldemburgensi)
604 2130 790 2207 referuntur
818 2131 861 2196 ad
891 2131 1145 2217 Melampodem,
1179 2131 1261 2198 haec
1290 2130 1330 2199 in

196 2250 306 2319 codice
335 2251 421 2336 regis
442 2251 595 2334 Angliae,
624 2267 721 2334 quem
750 2249 873 2316 eroluit
893 2251 1078 2334 Bentleius,
1108 2250 1242 2320 esistunt
1264 2253 1327 2320 sub

196 2371 326 2437 nomine
355 2371 542 2438 Diomedis!
585 2371 655 2436 Hoc
677 2391 775 2452 quam
797 2370 864 2435 late
886 2367 1015 2454 pateat,
1044 2371 1110 2438 iam
1139 2371 1258 2462 melius
1277 2373 1326 2438 iu-

73 2503 75 2512 ’
196 2489 373 2573 tellegitur‚
397 2489 476 2572 quia
496 2491 595 2556 etiam
617 2489 714 2574 plura
736 2488 935 2574 Melampodi
956 2488 1131 2556 tribuenda
1153 2511 1223 2556 esse
1245 2490 1327 2558 vidi·

75 2671 82 2681 ,
196 2630 276 2676 mus.
320 2608 434 2692 Neque
472 2609 559 2674 enim
599 2607 634 2672 iu
668 2608 778 2674 codiee
812 2613 942 2674 tautum
980 2608 1233 2676 Britannico
1268 2609 1327 2676 sed

198 2727 297 2793 etiam
319 2728 353 2792 in
377 2727 450 2794 aliis
471 2728 562 2796 haud
584 2730 696 2812 paucis
719 2728 805 2794 idem
820 2729 1082 2812 commentarius,
1105 2730 1211 2812 quiin
1227 2731 1325 2798 Ham-

185 2845 354 2930 ·burgensi
375 2847 589 2930 Melampodis
613 2854 672 2927 est,
694 2848 943 2920 totusDiomedi
965 2847 1174 2934 adscribitur,
1188 2855 1227 2914 ut
1242 2849 1325 2918 duas

200 2966 348 3035 codicum
370 2966 512 3034 familias
543 2988 629 3050 esse,
658 2989 796 3065 quarum
823 2967 930 3036 altera
951 2968 1189 3052 Melampodem
1220 2968 1327 3034 altera

198 3085 389 3178 Diomedem
419 3086 587 3171 exhibeat,
616 3092 687 3152 turn
704 3086 910 3160 intellectum
932 3087 974 3152 iri
996 3087 1152 3174 arbitrer,
1182 3089 1210 3154 si
1232 3109 1325 3154 accu-

198 3207 301 3274 ratius
323 3186 358 3272 in
380 3213 506 3272 ceteros
527 3207 654 3272 codices
676 3207 870 3289 inquisitum
892 3206 964 3271 erit.

284 3327 379 3392 Certe
408 3326 443 3392 in
470 3324 687 3391 Marcianis
712 3299 776 3390 489
797 3330 832 3390 et
854 3325 916 3390 652
937 3324 1105 3392 Diomedis
1132 3347 1250 3392 nomen
1272 3347 1324 3392 ex-

198 3450 291 3515 stare.
316 3446 393 3532 inde
421 3445 587 3530 sequitur,
619 3444 711 3528 quod
737 3465 777 3510 ex
804 3443 850 3510 eis
877 3446 1036 3512 nonnulla
1061 3445 1264 3512 Villoisouus
1290 3448 1326 3512 in

198 3564 373 3631 Auecdotis
395 3565 520 3651 publici
541 3565 622 3630 iuris
644 3563 736 3649 fecit,
766 3585 851 3648 quae
873 3553 911 3630 iu
928 3563 1169 3649 Hamburgeusi
1189 3565 1325 3634 Melam-

198 3683 277 3768 podi
298 3690 357 3750 aut
384 3684 570 3752 tribuuntur
591 3690 648 3750 aut
671 3683 846 3750 tribuenda
868 3689 954 3748 sunt.
998 3683 1044 3749 Of.
1067 3684 1241 3750 Villoiscni
1263 3684 1325 3751 Au.

15 3899 16 3906 ἵ
87 3807 93 3813 “
197 3804 230 3870 Il
252 3825 283 3888 p.
307 3803 366 3868 121
391 3824 464 3868 oum
485 3805 707 3878 Bekkerirln.
730 3827 762 3890 p.
785 3803 995 3888 780‚7-31;
1022 3808 1091 3870 tum
1113 3825 1144 3888 p.
1169 3805 1229 3870 172
1251 3823 1325 3876 cum

197 3941 228 4006 p.
253 3923 466 4008 issar-aa
489 3901 749 4009 rasa-mss
774 3923 976 4009 <quanquam
1003 3923 1070 3989 alia
1092 3923 1134 3988 aa
1155 3924 1324 3992 suessan-

198 4043 275 4112 dum
305 4042 454 4127 exempla
480 4042 689 4130 afferuntur);
725 4043 1005 4130 resp-leuas
1039 4042 1180 4128 denique
1206 4063 1238 4128 p.
1263 4044 1323 4110 186
