3002 4614
649 317 886 390 a-4s-,

216 490 324 569 Quare
346 489 428 557 illud
450 489 489 554 de
509 486 687 576 βιωφελέσν
709 486 838 574 τέχναις
859 487 1064 565 illustrandis
1079 509 1099 554 a
1116 487 1344 554 Choerobosco

177 585 180 590 Ι
216 609 415 694 primitus
437 609 593 692 scriptum
615 628 685 672 esse
707 607 935 692 uuncUhligio
958 610 1129 693 assentior,
1153 607 1210 673 sed
1224 608 1345 672 vocula

215 730 288 814 hac,
311 749 396 812 quae
419 735 466 793 est
486 729 649 810 primitus,
673 726 815 813 adiectam
838 749 913 793 narn
929 735 1044 819 postea
1058 728 1153 812 alius,
1168 728 1227 812 qui
1240 727 1345 793 (lhos-

216 849 388 915 roboscum
410 846 613 930 compilavit,
636 846 669 912 in
693 867 787 912 suum
808 847 842 910 id
865 846 983 912 librum
1006 847 1187 913 transtulit.

301 969 401 1034 Recte
429 947 567 1032 fortasse
597 967 732 1032 Hartius
761 990 792 1050 p.
815 966 878 1031 275
906 965 941 1030 dv
972 968 1018 1050 spi
1046 967 1120 1050 aspi
1143 966 1345 1047 συνδέσμου,

218 1088 304 1171 quod
335 1089 368 1152 in
398 1086 508 1152 Anecd
545 1105 574 1169 p.
597 1086 713 1170 960,28
743 1091 865 1169 exstat,
900 1085 1123 1151 Choerobosoo
1157 1085 1346 1170 adscripsit,

217 1227 404 1292 quanquam
427 1206 640 1272 Heliodorum
661 1206 701 1271 de
723 1206 951 1272 coniunctione
973 1227 1039 1270 non
1062 1205 1244 1289 scripsisse,
1269 1203 1346 1288 quis

217 1335 280 1405 est,
314 1327 371 1409 qui
400 1346 433 1390 se
463 1327 545 1390 scire
573 1323 790 1409 profiteatur?
835 1326 982 1408 Denique
1013 1324 1101 1409 quod
1131 1323 1293 1390 nonnulla
1315 1332 1348 1390 ot

217 1446 258 1512 ab
281 1467 440 1530 anonymo
463 1454 494 1510 et
515 1467 535 1508 a
556 1444 723 1527 Stephano
743 1444 896 1528 aliisque,
925 1467 1063 1528 quorum
1085 1445 1218 1509 nomina
1240 1445 1346 1529 peris

216 1571 305 1648 runt,
328 1566 362 1630 iu
385 1566 490 1630 altera
511 1563 709 1630 scholiorum
731 1571 827 1648 parte
849 1565 970 1630 eisdem
991 1565 1097 1631 verbis
1110 1539 1260 1648 exposita
1274 1575 1362 1630 esse'

217 1686 352 1750 Hostius
381 1707 412 1769 p.
436 1683 498 1748 275
521 1705 568 1767 sq.
597 1683 722 1766 docuit,
760 1683 799 1748 de
835 1684 897 1748 hac
933 1706 968 1748 re
1003 1691 1072 1750 tum
1102 1685 1232 1750 demum
1262 1685 1347 1751 iudi-

217 1806 285 1870 cari
315 1805 452 1889 poterit,
483 1803 510 1868 si
539 1803 579 1869 de
606 1803 707 1868 altera
729 1804 848 1870 codicis
870 1809 964 1888 parte
986 1805 1138 1871 universa
1160 1806 1347 1872 accuratius

218 1932 327 1990 actum
350 1925 418 1990 erit.
897 1993 901 2002 ,

304 2043 368 2110 Sed
389 2042 558 2110 Heliodori
586 2044 717 2108 nomine
744 2045 906 2110 neminem
935 2045 999 2109 nisi
1028 2065 1224 2130 anonymum
1247 2045 1346 2110 Ham-

115 2215 118 2228 .
217 2164 412 2250 burgensem
441 2162 633 2246 significari,
663 2162 750 2228 hunc
777 2169 886 2228 autern
912 2163 1137 2231 Choerobosoo
1167 2169 1277 2230 aetate
1300 2165 1341 2230 iu·

218 2283 369 2350 seriorem
392 2305 462 2350 esse
484 2285 564 2348 satis
587 2283 712 2350 videtur
733 2283 902 2368 probabile
925 2305 1002 2350 esse.
1144 2301 1153 2321 ¹

731 2575 753 2661 ς
776 2573 832 2642 14.

305 2765 372 2830 Iam
395 2785 470 2828 vero
501 2765 543 2828 ad
565 2761 654 2830 alind
676 2761 899 2846 progrediar„
916 2762 1005 2844 quod
1032 2762 1136 2828 multo
1159 2767 1192 2827 ct
1215 2743 1349 2846 gravius

220 2885 262 2950 sit
283 2889 317 2948 et
337 2884 434 2950 latius
457 2889 582 2966 pateat:
605 2881 738 2965 scripsit
760 2882 845 2948 enim
863 2881 1105 2947 Choerobosous
1128 2889 1258 2967 praeter
1281 2884 1350 2948 alia

220 3003 560 3070 commentarium
591 3002 633 3066 in
662 3002 995 3086 Hephaestionis
1017 3003 1178 3066 metrici
1199 3001 1348 3067 enchi-

217 3124 374 3208 ridion,
404 3123 462 3206 qui
483 3122 591 3186 nescio
615 3143 713 3204 quam
737 3121 777 3188 ob
806 3143 875 3186 rem
902 3123 936 3185 in
959 3122 1124 3205 omuibus,
1155 3142 1237 3204 quos
1260 3123 1348 3206 novi,

221 3245 289 3310 eins
312 3243 468 3309 librorum
490 3240 651 3308 indicibus
673 3242 920 3324 praetermissus
942 3246 1008 3324 est3
1031 3239 1281 3324 praetermissus
1297 3247 1350 3307 est

220 3365 319 3428 etiarn
338 3365 373 3429 iu
395 3365 458 3448 eis,
487 3383 568 3446 quos
591 3361 678 3445 vidi,
705 3361 957 3446 Hephaestionis
977 3363 1193 3446 interpretum
1215 3359 1349 3444 tabulis,

221 3482 309 3567 quod
337 3482 446 3553 nescio
473 3505 517 3552 an
545 3482 701 3548 nonnullo
729 3481 884 3546 historiae
914 3483 1133 3547 metricorum·
1148 3481 1350 3554 Graecorum

225 3602 421 3668 detrimento
443 3602 548 3668 luerit.

307 3722 549 3788 Choeroboscus
578 3723 610 3788 in
641 3720 794 3803 Dictatis,
824 3720 881 3786 ubi
910 3721 1037 3786 litteras
1068 3741 1112 3784 m
1135 3741 1234 3785 acar
1257 3723 1349 3786 etin

91 3845 94 3856 ’
220 3841 382 3907 πέπτωκα
407 3843 572 3927 κέκτημαι
600 3840 892 3927 reduplicationem
918 3839 1089 3906 admittere
1117 3847 1151 3906 et
1176 3843 1210 3906 in
1234 3843 1351 3906 carmi-

221 3959 317 4028 nibus
355 3981 590 4045 nonnunquam
624 3961 786 4046 syllabam
819 3959 993 4044 ancipitem
1027 3959 1154 4026 efficere
1185 3963 1349 4047 exposuit,

221 4100 253 4168 p.
275 4081 370 4167 5543
393 4081 439 4147 sic
462 4081 585 4165 pergit=
630 4079 719 4164 Hrpl
741 4081 801 4157 τῆς
824 4079 937 4158 κοινῆς
966 4081 1132 4169 συλλαβῆς
1154 4082 1229 4144 κατ’
1253 4077 1349 4168 ἀκρί-
