3002 4614
631 222 849 316 455-

170 421 219 488 ,ἐν
240 421 286 510 τῷ
309 419 400 504 ,οὔτε
422 441 483 507 μοι
505 417 600 500 αἰτίη
624 415 723 486 ἔσαν·
767 417 845 489 del
867 419 964 488 θέσει
987 420 1022 488 ἐν
1043 423 1090 507 τῷ
1112 417 1310 509 ,Πάτροκλέ
1355 483 1358 490 ,

178 564 241 628 μοι
270 543 389 631 δειλῆῑ.
434 537 512 607 ddi
540 539 659 630 βραχύς
681 541 715 606 ἐν
743 540 788 630 τῷ
809 545 855 623 ,οἱ
885 539 921 606 δὲ
949 521 1036 626 μέγοι
1062 535 1214 628 ἰάχοντες
1236 540 1308 606 ἕπε’-

179 663 332 747 δρσιμονέ
363 660 451 740 Quae
474 661 622 744 ancipitis
645 660 786 746 syllabae
809 682 929 746 genera
958 681 1016 726 eur
1037 661 1083 726 sic
1104 661 1309 746 appellentur

181 803 222 846 ex
243 781 364 847 Aneed.
387 801 418 864 p.
441 780 555 865 828,ss
580 801 627 863 sq.
651 779 817 865 discimus,
845 781 902 847 nbi
930 781 1058 865 integre
1087 775 1196 848 omnia
1223 788 1308 863 sunt,

177 901 311 984 illisque
345 920 429 983 quae
457 900 613 984 exscripsi
641 898 723 964 haee
751 899 962 966 antecedunt:
991 899 1059 966 Λιώ
1092 895 1125 964 σι’
1154 899 1190 966 δὲ
1221 901 1309 986 τρεῖς

178 1018 304 1106 τρόποι
326 1015 392 1084 ὲίσὶ
416 1021 477 1098 τῆς
500 1019 611 1098 κοινῆς
632 1018 802 1103 συλλαβῆς
825 1017 883 1083 καὶ
906 1017 946 1084 οὕ
967 1020 1130 1102 πλείουςφ
1145 1019 1206 1084 καὶ
1227 1020 1309 1084 λικ-

177 1143 258 1206 τὲσν
286 1135 339 1206 ὅτι
360 1139 456 1205 ποῖσσι
478 1136 631 1222 συλλαβὴ
653 1133 731 1218 ῆτοι
751 1137 868 1225 μακρά
890 1115 1009 1219 iered
1029 1141 1184 1228 βραχεῖα,
1211 1137 1310 1225 longa

178 1237 288 1327 autern
320 1255 420 1346 φύσει
451 1265 484 1325 et
520 1257 635 1324 θέσει·
679 1248 867 1336 ἕκαστος
900 1248 974 1344 οὖν
1013 1253 1032 1324 ὁ
1070 1253 1227 1345 τρόπος
1263 1257 1313 1352 τῇ
1412 1252 1414 1257 ’

178 1379 436 1472 κοίνῇπσιρε
443 1373 646 1465 χώρησεν,
667 1373 687 1444 ὁ
708 1381 768 1463 μὲν
790 1375 894 1466 φύσει
916 1381 947 1445 et
969 1386 1084 1465 cetera,
1108 1399 1192 1462 quae
1209 1401 1309 1463 supra

177 1499 302 1583 scripsi.
345 1498 439 1563 Prior
451 1485 560 1586 igitir
582 1497 698 1562 scholii
719 1519 796 1583 pars
817 1497 887 1563 illie
902 1498 1029 1565 abscisa
1046 1506 1100 1582 est.
1134 1498 1187 1565 Sie
1201 1504 1308 1565 autem

175 1619 348 1705 permultis
375 1617 455 1683 loeis
478 1617 580 1683 altera
602 1617 727 1682 scholia
749 1617 922 1684 exalteris
945 1619 1113 1687 illustrare
1135 1618 1307 1684 emendare

178 1739 336 1824 supplere
354 1758 543 1822 possumne,
566 1737 655 1819 quod
675 1744 711 1802 ut
733 1736 882 1804 omnibus
901 1739 1044 1828 numeris
1062 1729 1213 1806 'absolute
1235 1759 1307 1823 per·

175 1858 318 1940 finiatur,
341 1857 527 1922 futurorum
548 1857 717 1939 utriusque
740 1857 817 1924 libri
839 1857 1001 1924 editorum
1023 1859 1095 1952 erit.
1152 1945 1165 1956 .

263 2028 366 2094 Nobis
389 2035 495 2093 antem
517 2029 617 2093 etiam
637 2027 796 2095 nonnulla
817 2028 933 2094 afferre
955 2029 1068 2115 liceat,
1089 2051 1174 2114 qnae
1196 2030 1307 2096 simili·
1337 2093 1338 2098 ,

176 2148 326 2216 tudinem
354 2148 447 2213 illam
477 2168 575 2231 quam
605 2147 807 2213 intercedere
829 2147 913 2234 dixi,
942 2150 1033 2214 novis
1056 2152 1210 2235 exemplis
1234 2171 1307 2215 eon-

176 2267 320 2334 firment.
364 2267 403 2331 In
426 2266 523 2333 schol.
546 2290 578 2351 p.
601 2269 717 2353 8273ss
739 2267 912 2354 Dionysius
941 2269 1147 2355 vituperatur
1171 2274 1308 2354 propter

176 2390 295 2454 tertiae
331 2385 475 2473 syllabae
516 2387 668 2472 ancipitis
709 2387 945 2464 definitionem
984 2388 1103 2472 quibus
1138 2387 1177 2454 ef.
1208 2382 1327 2454 schol(

178 2507 288 2591 Heph.
316 2505 446 2592 115,21:

222 2678 328 2744 Sobel.
372 2677 484 2742 Dlon.r
526 2679 720 2760 Σημειω-
813 2679 918 2746 Schol.
948 2653 1068 2763 lleph.:
1106 2674 1308 2763 Σημσίω·

179 2799 274 2864 τὲον
297 2799 341 2864 δὲ
365 2793 416 2872 ώς
437 2795 475 2876 οὐ
502 2795 609 2872 καλῶς
629 2785 722 2862 εἶπεν
772 2821 842 2864 σαι
864 2800 905 2865 δὲ
927 2791 992 2865 ὅτι

176 2915 197 2984 ὁ
245 2914 395 3002 τεχνικὸς
442 2915 477 2982 ἐν
524 2919 632 3006 τούτῳ
676 2918 725 3002 τῷ

180 3033 299 3126 τρόπῳ
336 3039 408 3117 ,καὶ
441 3033 507 3115 τῆν
543 3031 617 3114 ἑξῆς
650 3034 719 3102 οἱπὸ

180 3154 375 3248 φωνήεντος
396 3153 615 3242 οἷρχομὲνην(·
643 3149 720 3222 ndu
771 3153 849 3224 κᾶν
876 3157 960 3238 ’τῆν
993 3154 1087 3237 ἑξῆς
1123 3153 1195 3246 ἔχη
1225 3154 1306 3220 elad

180 3273 719 3364 γώρῆὲξῆςᾶρχητσιιώπὸ
770 3276 995 3366 συμφώνου
1048 3276 1307 3362 ἀρχομένην,
1380 3350 1384 3376 Ι

181 3394 427 3484 συμφώνου,
471 3393 576 3486 λῆγη
617 3395 660 3460 δὲ
696 3393 717 3477 ῆ
770 3396 875 3490 λῆγῃ
921 3399 963 3464 δὲ
1005 3393 1025 3475 ἡ
1064 3393 1203 3482 πρώτη
1246 3388 1308 3472 εἰς

67 3581 89 3595 ,
180 3513 317 3607 πρώτη
346 3511 410 3593 εἰς
431 3517 615 3606 φωνῆεν,
644 3513 718 3582 πώ·
771 3515 960 3609 φωνῆεν,
1001 3515 1150 3596 κοινῆν
1188 3522 1309 3581 ποιεῖ

182 3639 247 3706 λιν
275 3627 418 3716 ἕιοινῆν
444 3643 569 3703 ποιεῖ.
771 3634 1002 3725 συλλαβήν.

156 3809 161 3820 “
267 3809 390 3876 Eodem
421 3813 563 3894 spectat,
614 3810 703 3894 quod
736 3810 775 3875 de
808 3807 946 3895 synizesi
980 3808 1015 3874 in
1048 3811 1189 3891 utroque
1221 3807 1305 3876 libre

99 4001 103 4007 ,
180 3929 334 4016 legimns:
