3002 4614
658 238 872 302 -72...

194 410 389 496 ,nonnullos‘
410 409 592 494 Philopono
621 408 813 476 adversatos
842 429 916 476 erse⁴
944 409 1036 493 dicit,
1066 409 1154 476 unde
1175 410 1238 477 hoc
1258 411 1326 478 for-

193 537 282 598 tasse
303 529 494 598 concludere
516 529 604 613 licet,
620 534 750 594 tanturn
765 529 880 594 saltem
901 531 1054 612 temporis
1077 532 1217 614 spatium
1238 531 1327 598 inter

131 675 134 687 ’
194 656 369 735 utrumque
390 649 602 732 intercedere,
624 655 660 716 ut
680 647 773 716 libris
789 649 829 714 de
840 647 1014 734 Philoponi
1029 649 1178 716 doctrina
1190 653 1325 736 seriptis

196 769 440 838 Ohoeroboscus
470 768 521 834 uti
542 769 700 853 potuerit;
729 774 803 834 utut
824 776 891 853 est,
920 773 1008 835 certe
1030 789 1096 834 non
1119 776 1194 837 ante
1215 769 1325 836 Plrilc-

194 911 316 976 ponum
343 889 426 956 vixit
456 887 713 971 Choeroboscus‚
752 888 809 954 red
846 893 905 953 aut
941 887 1054 956 eodem
1089 894 1238 974 tempore
1264 897 1324 956 aut

59 1059 65 1076 ,
125 1043 139 1049 ·
194 1009 445 1095 1111111111-
466 1005 515 1074 De
537 1009 640 1094 ipsius
670 1011 779 1074 autem
806 1006 1037 1093 Philoponi
1066 1014 1173 1076 aetate
1200 1011 1323 1076 rectius

195 1150 282 1198 nunc
301 1127 440 1194 iudicari
453 1133 570 1214 potest,
592 1147 690 1212 quam
705 1131 804 1194 antea
819 1127 859 1193 ab
875 1127 1059 1195 hominibus
1079 1128 1185 1196 doctis
1199 1127 1324 1198 foetum

195 1255 282 1334 erat,
311 1269 450 1332 quorum
470 1248 649 1314 sententias
671 1246 856 1313 incredibili
879 1248 1007 1314 rctio'ne
1029 1247 1091 1314 sibi
1112 1221 1321 1316 1111111111-

194 1374 379 1455 pugnantes
400 1366 569 1434 Fabricius
590 1369 625 1434 in
647 1367 723 1434 bibl.
748 1365 803 1432 Gr.
818 1367 888 1434 tx
912 1387 943 1451 p.
962 1367 1025 1434 639
1041 1389 1088 1452 sq.
1111 1371 1323 1436 enumeravit.

164 1488 361 1588 ¹llauclrius
392 1488 478 1553 enim
507 1487 542 1553 in
557 1487 700 1570 „Ersehii
728 1491 761 1552 et
790 1486 929 1554 Gruberi
958 1486 1218 1574 Encyclopaedia
1247 1513 1272 1556 s.
1293 1513 1323 1556 r.

195 1609 398 1694 Philoponus
435 1631 474 1674 ex
506 1613 602 1692 parte
636 1607 797 1674 Ritterum
831 1611 961 1672 secutus
997 1607 1250 1675 ratiocinatione
1290 1617 1325 1677 et

184 1723 386 1797 ¹doctissima
406 1733 437 1794 et
458 1727 668 1812 sagacissima
690 1727 804 1811 effecit,
826 1749 892 1794 non
920 1727 1075 1812 septimo,
1096 1733 1135 1793 ut
1157 1728 1325 1795 nonnullis

194 1849 367 1934 placuerat
374 1898 384 1933 ,
431 1847 561 1913 saeculo
591 1846 648 1912 sed
676 1847 760 1914 sexti
788 1847 883 1914 initio
911 1847 1072 1914 loannem
1106 1847 1326 1932 Philoponum

158 1986 169 2004 ‘
195 1970 322 2036 vixisse.
367 1965 427 2033 Oui
449 1987 600 2033 assensus
623 1971 689 2051 est,
719 1967 776 2050 qui
797 1968 896 2032 etiam
917 1987 1002 2034 nera
1023 1973 1216 2051 argumenta
1237 1973 1325 2033 attu-

195 2089 253 2173 lit,
288 2088 422 2155 (lessius
454 2086 565 2152 doctus
593 2085 766 2170 theologus
794 2085 1078 2172 Heidelbergensis
1107 2087 1142 2151 in
1171 2087 1325 2172 Herzogii

196 2205 457 2294 Encyclopaedia
483 2205 669 2290 theologica
704 2211 727 2272 t.
749 2204 796 2270 VI
817 2226 848 2290 p.
873 2206 943 2271 760.
986 2205 1053 2290 Eis,
1082 2226 1167 2290 quae
1201 2207 1324 2290 optime

195 2329 245 2394 illi
274 2327 538 2413 disputaverunt,
575 2325 745 2410 parvolum
781 2325 906 2410 aliquid
941 2325 1061 2391 addere
1095 2347 1193 2411 quam
1234 2327 1325 2412 ipsas

195 2448 431 2536 disputationes
453 2450 603 2531 repetere
624 2446 720 2511 malo.

280 2565 471 2634 Lambecius
501 2565 535 2632 in
565 2571 735 2632 comment.
757 2565 803 2630 IV
825 2583 856 2648 p.
879 2565 943 2632 394
970 2569 1004 2631 et
1032 2585 1072 2630 ex
1094 2583 1132 2630 eo
1153 2565 1325 2634 Fabricius

195 2694 216 2754 t.
232 2687 263 2754 X
279 2708 311 2772 p.
328 2686 389 2752 617
407 2686 455 2753 ed.
471 2685 562 2751 Harl.
607 2685 759 2752 Severum
774 2682 1010 2752 Antiochenam
1031 2685 1221 2771 theologum
1242 2689 1337 2752 satis*

195 2812 326 2885 notum,
353 2805 410 2890 qni
432 2826 460 2870 a.
482 2805 546 2870 513
567 2803 762 2871 Antiochiae
791 2804 964 2890 episcopus
986 2803 1092 2871 factus
1114 2810 1182 2891 est,
1213 2805 1325 2870 aerei

196 2925 274 2992 τοῦ
303 2921 491 2991 Ἰωάννου
520 2925 596 2989 τοῦ
622 2923 931 3012 Γραμματικοῢ
965 2925 1038 2990 τοῦ
1066 2924 1325 3012 Katoaneites

185 3046 366 3132 *scripsisse
395 3044 603 3110 rettulerunt.
654 3045 751 3110 Hunc
782 3045 942 3112 loannem
977 3047 1224 3130 grammaticum
1257 3068 1324 3112 non

156 3248 158 3256 χ
198 3165 300 3235 alium
329 3185 399 3230 esse
431 3169 531 3248 atque
552 3163 769 3249 Philoponum
792 3164 952 3249 suspicari
971 3165 1078 3250 possit
1099 3163 1235 3249 aliquis;
1267 3165 1325 3232 sed

196 3307 269 3352 oum
296 3283 545 3350 Caesareensem
572 3304 646 3348 eum
677 3281 778 3348 fuisse
810 3284 875 3349 hnc
899 3305 1000 3369 usque
1027 3290 1187 3368 quantum
1224 3285 1325 3352 seiam

198 3425 265 3472 non
287 3405 483 3487 constiterit,
505 3423 596 3468 mera
616 3402 699 3468 haec
720 3402 907 3470 coniectura
927 3403 1035 3470 fuerit.
1065 3373 1135 3470 Iarn
1148 3423 1225 3470 vero
1240 3404 1325 3490 ride,

198 3524 279 3608 quid
305 3544 391 3590 nunc
427 3522 582 3609 praebeat
611 3521 712 3590 codex
742 3523 996 3607 Hephaestionis
1028 3522 1276 3607 Saibantianus,
1309 3545 1327 3590 1

200 3663 264 3726 quo
293 3643 441 3726 egregias
463 3641 631 3708 doctrinae
659 3642 769 3727 copias
797 3641 1014 3728 amplissimas
1042 3639 1248 3708 Gaisfordius
1269 3625 1346 3708 nos

68 3847 71 3856 .
200 3760 327 3828 bissum
348 3761 606 3847 communicavit,
628 3782 659 3846 p.
684 3762 776 3846 106,ss
800 3763 849 3828 ed.
871 3761 1001 3828 wenti:
1048 3757 1170 3826 Ἰστέον
1192 3759 1246 3840 δὲ,
1274 3753 1330 3826 ὅτι

198 3880 256 3946 καὶ
292 3876 311 3945 ὁ
349 3877 604 3957 Φιλόπονος
646 3877 704 3958 εἰς
744 3881 827 3968 (siclt
855 3886 889 3946 et
928 3880 1059 3964 quidem
1094 3880 1197 3968 recte)
1236 3878 1345 3985 e'ru'-¹
1479 3959 1482 3966 ι

197 3997 685 4089 γραμμαΚαιααρειάς
727 3996 885 4080 decisos·
926 3995 1075 4082 ἔποιήσε,
1117 3998 1149 4065 h.
1180 4000 1327 4084 equod
