3002 4614
678 343 719 390 ‘-
762 341 805 407 52
849 379 887 390 ,.

223 513 357 579 missum
385 509 502 578 faciam
529 517 719 599 utrumque,
749 513 869 598 quippe
892 535 957 597 quo
980 533 1073 598 egere
1096 513 1234 596 possim3
1273 535 1352 580 narn

223 632 303 717 ipsis
331 633 376 698 eis
407 607 492 716 quae
520 635 630 718 priora
659 634 757 700 attuli
780 634 935 717 exemplis
943 683 953 718 ,
992 631 1278 699 Choerobosoi
1310 633 1351 698 in

222 751 584 836 Hephaestionem
619 753 913 820 commentarii
949 752 1185 837 relliquias
1221 753 1350 818 etiam

222 893 329 937 nuno
366 891 610 961 superesse,
646 873 723 941 satis
754 873 977 939 confirmatum
1007 879 1040 938 et
1069 871 1249 938 stabilitum
1280 892 1351 938 esse

221 977 358 1058 videtur.
402 991 515 1078 Neque
536 993 665 1079 dubito,
696 995 775 1077 quin
805 995 901 1060 etiam
923 999 1020 1077 atque
1044 993 1143 1057 etiam
1165 998 1351 1058 scrutantes

223 1119 254 1178 et
284 1103 484 1195 inquirentes
513 1114 593 1180 alias
623 1135 771 1199 quoque,
800 1133 886 1198 quae
915 1113 999 1179 inter
1021 1111 1145 1179 scholia
1166 1117 1197 1178 et
1218 1111 1351 1178 Dictata

222 1231 426 1298 intercedant
447 1233 676 1300 similitudines
698 1235 860 1318 reperturi
882 1234 964 1319 sint,
987 1235 1034 1316 (ut
1053 1231 1173 1307 nullius
1196 1231 1351 1297 momenti
1433 1229 1446 1254 ‘

224 1370 430 1436 nequaqnam
449 1358 508 1438 est,
531 1353 620 1438 quod
643 1352 757 1419 Choer.
775 1352 863 1438 ¹Diot.
886 1375 918 1439 p.
932 1352 1074 1448 '143,20,
1105 1373 1177 1417 cum
1201 1375 1235 1416 οι
1258 1357 1294 1417 et
1315 1375 1351 1417 αι

224 1469 418 1557 diphtongos
451 1475 547 1539 etiarn
573 1474 608 1537 in
637 1473 752 1539 mediis
779 1473 911 1539 vocibus
948 1480 1022 1539 ante
1052 1472 1198 1539 vocalem
1228 1472 1376 1555 corripi·

223 1587 362 1679 diceret,
394 1592 516 1680 eisdem
537 1615 614 1659 usus
643 1598 694 1659 est
721 1593 894 1678 exemplis,
926 1613 1063 1676 quorum
1093 1591 1220 1661 duobus
1242 1591 1350 1678 Heph.

222 1731 253 1796 p.
277 1711 296 1776 6
319 1719 350 1778 et
372 1713 400 1796 7,
424 1711 523 1778 tertio
547 1712 671 1781 scholia
694 1713 722 1778 A
744 1737 774 1798 p.
800 1711 937 1800 locat).

732 2005 754 2092 s
777 2003 835 2072 15.

308 2191 414 2270 Quare
444 2212 517 2258 oum
547 2212 586 2256 ex
616 2191 678 2256 hac
708 2192 839 2276 quidem
867 2196 962 2277 parte
993 2189 1073 2256 satis
1094 2189 1256 2256 munitam
1279 2210 1349 2256 esse

222 2310 316 2396 viam,
339 2333 405 2396 qua
428 2311 527 2378 ultra,
539 2310 742 2396 progrediar,
765 2311 954 2395 existimem,
977 2310 1019 2375 ad
1041 2309 1132 2378 aliud
1147 2309 1349 2377 accedamus

222 2429 303 2494 Nam
328 2432 356 2496 si
379 2430 503 2496 scholia
525 2436 556 2495 et
576 2431 611 2497 in
623 2430 813 2518 Dionysium
836 2437 869 2497 et
890 2429 1207 2514 inHephaestionem
1225 2431 1351 2514 scripta

135 2611 144 2624 ,
224 2549 438 2617 Choerobosei
461 2549 642 2634 fragmenta
665 2552 831 2618 continere
853 2550 1093 2618 eoncedendum
1114 2551 1263 2643 uidetur,
1284 2551 1351 2615 iam

223 2669 398 2754 diligenter
411 2663 736 2758 circumspiciendum
751 2677 811 2757 est,
820 2693 939 2737 numne
953 2671 1038 2736 idem
1048 2671 1185 2755 scriptor
1200 2670 1236 2734 in
1251 2670 1350 2737 utris·

221 2811 285 2873 que
294 2775 424 2878 sclroliis
435 2791 633 2876 deprehendi
640 2793 755 2879 possit.
778 2791 871 2872 Quod
881 2793 908 2858 si
916 2791 1036 2858 factum
1047 2792 1120 2877 erit,
1128 2789 1218 2855 haud
1226 2796 1350 2856 temere

220 2909 297 2974 inde
327 2912 459 2976 unicum
481 2911 573 2977 illum
594 2911 725 2997 fontem,
757 2913 809 2979 oui
829 2919 968 2997 utraque
992 2912 1177 2996 debeamuS,
1207 2907 1350 2978 Choero·

116 3027 118 3032 ’
221 3029 312 3096 bosci
333 3030 434 3097 libros
457 3031 556 3098 fuisse
580 3031 765 3099 efficiemus.
809 3034 872 3100 Sed
893 3034 932 3098 de
954 3031 1067 3097 haere
1084 3030 1212 3116 quidin
1228 3015 1350 3096 utram-

222 3172 285 3235 que
306 3158 431 3234 partem
454 3151 617 3236 disputari
638 3137 758 3238 possit,
788 3153 899 3221 sedulo
922 3152 1009 3218 infra
1031 3173 1235 3237 quaeremus,
1258 3151 1287 3216 si
1309 3150 1351 3216 de

131 3311 138 3318 ‹
220 3272 294 3357 ipsa
324 3293 408 3355 quae
437 3271 609 3338 intercedit
635 3293 744 3339 rerum
774 3281 805 3340 et
832 3273 1005 3341 verborum
1029 3271 1244 3339 similitudine
1267 3271 1351 3338 satis

221 3397 329 3458 actum
351 3394 421 3458 erit.

305 3512 413 3596 Atque
435 3513 607 3580 intercedit
628 3535 666 3579 ea
682 3511 877 3599 similitudo,
899 3519 935 3608 ut
947 3511 1026 3579 locis
1040 3511 1189 3596 plurimis
1207 3531 1247 3575 ex
1261 3517 1350 3577 utro-

189 3603 194 3628 *
221 3652 284 3714 que
314 3632 398 3698 libro
421 3635 560 3698 alterum
590 3635 761 3699 emendare
782 3635 903 3720 possis,
932 3635 1021 3717 quod
1046 3632 1134 3698 infra
1154 3631 1352 3708 videbimus3

220 3754 442 3834 nequeenim
469 3752 521 3818 vel
549 3752 611 3818 hac
640 3755 911 3820 commentatione
941 3754 992 3819 vel
1021 3774 1057 3818 re
1083 3752 1155 3836 ipsa
1176 3751 1351 3836 indignum

220 3871 373 3956 arbitror,
397 3872 436 3936 de
458 3872 617 3939 librorum
638 3875 764 3940 mendis
788 3875 869 3959 quid
890 3875 1040 3959 sentiam,
1063 3893 1233 3957 exponere.

304 3989 435 4066 Initium
457 3991 574 4058 faciam
597 4014 617 4058 a
639 3993 739 4060 schol.
765 3994 871 4079 Heph.
894 4012 926 4076 p.
949 3995 1036 4080 93,l:
1080 3992 1203 4056 Ἰστὲον
1233 3992 1270 4055 δὲ
1294 3985 1351 4057 ὅτι

219 4105 331 4186 ἄλλως
365 4109 572 4200 λαμβάνουσι
608 4111 685 4188 τούς
713 4111 848 4200 χρόνους
880 4113 911 4180 ci
948 4111 1145 4202 μετρικοὶ
1179 4106 1286 4194 ἤγουν
1316 4109 1350 4178 οἱ
