3002 4614
186 499 283 546 ouem
309 497 381 546 oum
411 478 501 564 aliis,
539 499 677 564 quornm
705 499 747 544 ne
776 484 867 544 aetas
895 479 1027 562 quidem
1062 481 1143 545 satis
1172 483 1309 562 constat,

184 599 371 666 eonsociore
400 599 499 684 paulo
530 598 684 666 andonius
715 597 837 664 factum
867 597 1023 665 videatur.
1065 597 1201 665 Accedit
1221 599 1310 682 quod

184 739 226 787 ne
248 718 492 802 ethnographus
514 717 646 801 quidem
667 717 799 801 quando
821 716 949 803 vixerit,
971 719 1020 787 ita
1036 719 1237 804 exploratum
1252 725 1308 804 est,

183 843 222 906 ut
260 859 370 904 omnes
404 836 615 904 difficultates
651 823 812 904 sublatae
829 839 904 902 sint.
950 837 997 903 Ae
1019 836 1238 924 Goettlinqus
1274 839 1309 904 in

183 956 285 1042 praef.
308 957 350 1024 ad
365 955 485 1024 Theod.
509 980 540 1041 p.
563 956 652 1039 XIII,
675 955 874 1023 Villoisonus
893 958 928 1023 in
942 956 1062 1026 Aneed.
1088 958 1120 1024 Π
1141 959 1308 1044 p.103n.,

54 1121 60 1132 ·
182 1076 344 1144 Baebrius
371 1077 405 1142 in
435 1075 544 1144 Paulii
568 1075 818 1162 eneyolopeedio
846 1075 895 1142 III
920 1096 951 1160 p.
975 1071 1049 1142 IIISx
1066 1083 1142 1164 post
1172 1077 1308 1144 Ohoero-

182 1198 315 1268 boscum
351 1217 424 1264 eum
454 1195 560 1264 fuisse
583 1195 645 1262 sibi
673 1202 922 1282 persuaserunt,
961 1195 1040 1281 quie
1076 1198 1129 1264 vel
1152 1199 1224 1282 ipse
1259 1197 1310 1263 vel

181 1316 381 1408 Hermolaus,
400 1339 424 1382 s.
446 1338 474 1381 r.
497 1313 677 1399 Tapioduc
699 1317 739 1382 de
762 1315 986 1383 Choeroboseo
1007 1315 1144 1384 dixerat.
1192 1318 1311 1384 Gontm
1339 1395 1343 1404 .

182 1457 256 1504 oum
270 1435 529 1504 Choeroboseum
543 1435 628 1502 Diet
644 1437 780 1520 parat
794 1436 995 1544 Stephanum
1009 1437 1155 1505 attulisse
1171 1443 1313 1518 constet,
1341 1509 1351 1529 χ

183 1555 348 1624 Prellerus
370 1556 391 1623 l.
407 1578 435 1656 a
447 1579 474 1622 s.
494 1579 526 1640 p.
541 1555 583 1622 29
599 1554 858 1622 Choerobosemn
879 1562 955 1642 post
971 1557 1173 1641 Stephanum
1191 1557 1310 1623 vixisse

76 1745 78 1748 ,
182 1678 348 1745 contendit
355 1700 364 1753 3
394 1696 492 1760 porro
514 1675 696 1742 Moinekius
718 1675 753 1740 in
776 1675 887 1762 Steph.
909 1694 938 1759 p.
957 1676 1079 1762 -599,14
1101 1699 1124 1743 s.
1148 1699 1176 1742 v.
1205 1674 1308 1761 Tapt-

182 1795 268 1872 udoe
290 1795 389 1862 verba
409 1795 507 1862 haee:
552 1789 636 1862 οὕτω
677 1790 842 1880 Γεώγριος
878 1795 897 1861 ὁ
928 1794 1160 1884 Χοιροβοσκὸς
1192 1796 1228 1861 ἐν
1265 1791 1309 1882 τᾷ

182 1912 390 1999 ’oseaeuna
411 1921 448 1984 ut
469 1914 738 1998 additamentum,
762 1915 874 1998 qualia
895 1915 1000 1980 multa
1018 1915 1054 1980 in
1066 1915 1310 2000 Geographiam

181 2041 298 2120 postea
318 2036 412 2102 illata
433 2057 503 2102 esse
526 2040 662 2118 constat,
685 2033 788 2100 deleri
808 2035 926 2110 voluit3
949 2034 1164 2100 euiLontuius
1177 2035 1193 2100 1
1207 2058 1237 2119 p.
1249 2035 1310 2100 136

141 2183 149 2200 ·
183 2155 414 2240 adstipulatur.
479 2153 593 2238 Neque
628 2153 779 2237 equidem
811 2153 918 2219 faeere
953 2175 1086 2237 possum
1119 2154 1200 2237 quin
1238 2174 1311 2220 oum

182 2263 346 2354 Meiirekio
370 2281 403 2340 et
423 2274 556 2342 Lentzio
579 2273 778 2358 Stephanum
801 2271 1061 2358 ethnographum
1085 2271 1308 2339 Choeroboseo

189 2400 296 2462 aetate
319 2395 520 2478 superiorem
543 2413 613 2458 esse
635 2393 846 2476 contendam3
869 2415 946 2460 nam
961 2392 994 2457 in
1006 2393 1141 2460 Dtetata
1152 2391 1312 2477 Stephani

184 2537 302 2582 nomen
332 2513 464 2580 aliunde
493 2514 662 2596 irrepsisse
701 2513 789 2578 omni
817 2512 1049 2596 probabilitate
1078 2517 1176 2578 earet.
1221 2511 1310 2591 Quae

181 2657 254 2700 eum
286 2634 335 2700 ita
364 2635 445 2716 sint,
477 2654 549 2698 oum
571 2631 769 2715 Stephanum
799 2631 1021 2717 geographum
1049 2638 1080 2698 et
1108 2631 1332 2716 Stephanum‘

181 2756 394 2839 interpretem
431 2752 567 2818 eundem
605 2751 704 2817 fuisse
741 2752 885 2818 nondum
920 2751 1137 2838 probabiliter
1177 2750 1307 2817 demon-

182 2880 320 2942 stratum
342 2875 396 2958 sit,
419 2895 491 2939 cum
512 2872 606 2938 illum
628 2877 705 2937 ante
729 2870 987 2937 Choeroboseum
1009 2870 1110 2938 fuisse
1131 2870 1308 2936 verisimile

182 2995 247 3077 sit,
278 2994 364 3060 huno
394 2999 503 3058 autem
533 2990 750 3058 Choerobosoi
778 2989 863 3056 libro
892 3013 987 3057 usum
1017 3012 1088 3056 esse
1122 2990 1189 3055 sint
1225 3009 1309 3075 quas

182 3112 412 3198 persuadeant,
433 3151 476 3161 --
498 3118 533 3177 ut
554 3131 641 3176 nuno
663 3131 715 3176 res
738 3131 808 3176 sese
829 3109 937 3195 habet,
960 3110 1066 3176 faeere
1088 3131 1154 3177 non
1176 3130 1310 3196 possum

183 3233 263 3319 quin
286 3232 428 3298 diversos
451 3231 527 3297 illos
550 3252 619 3297 esse
642 3229 791 3295 arbitrer.

268 3351 374 3429 Quare
397 3353 529 3418 sirecte
551 3351 615 3417 huo
638 3369 741 3433 usque
765 3348 1009 3436 disputavimus,
1032 3348 1202 3415 vixerunt:

225 3471 486 3556 Philoponus
509 3470 640 3536 ineunte
664 3470 792 3534 saeculo
816 3475 904 3535 sexto

225 3589 397 3676 Sergius
420 3593 551 3658 ineunte
574 3588 703 3658 saeculo
726 3594 817 3654 sexto

226 3710 547 3778 Choerobosens
569 3714 704 3776 exeunte
727 3707 856 3774 saeculo
878 3713 969 3774 sexto

119 3895 121 3904 ,
226 3815 463 3916 Stephanus
489 3830 639 3916 Dionysii
660 3829 821 3912 interpres
843 3827 976 3894 ineunte
999 3826 1128 3895 saeculo
1151 3828 1289 3914 septimo

225 3951 452 4035 Melampus
475 3956 548 4034 post
571 3947 831 4015 Choerobosoum

209 4069 483 4138 Heliodorus
506 4067 651 4156 Dionysii
674 4067 833 4156 interpres
855 4072 930 4153 post
954 4064 1224 4134 Choeroboseums
