3002 4614
578 417 660 442 ¹-
707 355 832 456 σν...
920 351 924 358 ’

162 568 338 648 occupatus
371 563 476 647 magis
516 559 588 628 eum
629 582 725 646 quem
763 562 1000 629 transcriberet
1035 561 1156 628 librum
1189 581 1288 648 qnam

163 691 330 752 auctorem
353 685 450 766 quem
470 683 648 765 illustraret
669 689 745 748 ante
768 684 880 749 oculos
902 682 1045 749 haberet

247 803 276 868 5.
305 805 354 868 De
384 801 494 867 decem
522 801 689 869 Heliodori
726 823 880 888 generum
913 803 1018 886 primo
1057 809 1088 868 et
1115 803 1151 867 in
1187 798 1294 868 schot

163 922 269 1008 Heph.
293 919 557 1007 neas-nte
584 925 619 987 ot
649 923 749 988 solita
776 906 977 1007 loquacitate
1006 923 1042 988 in
1071 921 1170 1012 schol.
1193 921 1288 988 Dion.

163 1020 341 1129 asoa-'21
366 1041 561 1124 disputatur.
1363 1097 1368 1105 .

250 1161 279 1226 6.
301 1161 450 1226 Alterum
478 1179 579 1245 genus
608 1161 643 1226 in
673 1161 772 1226 schol.
794 1160 899 1247 Heph.
925 1161 1170 1248 liae-nm
1204 1159 1289 1246 (qui-

163 1268 230 1348 bus
249 1279 333 1349 adde
356 1281 569 1367 tlara—21)
592 1281 788 1348 illustratur.
833 1281 955 1347 Addita
977 1288 1054 1348 sunt
1072 1281 1233 1368 ,nonnulla
1254 1282 1289 1346 in
1407 1277 1408 1284 '

165 1400 266 1468 schol.
288 1400 384 1466 Dion.
398 1401 685 1486 830,23—831,29,
708 1383 765 1469 sed
787 1397 977 1485 quanquam
998 1403 1171 1467 accessisse
1193 1421 1289 1486 quae-

167 1521 242 1587 dam
271 1519 322 1584 ab*
343 1541 397 1604 eo,
427 1521 485 1603 qui
513 1503 703 1605 postremus
722 1520 803 1586 haec
831 1527 1044 1607 retractaret,
1082 1525 1226 1604 constat,
1256 1521 1290 1585 in

166 1640 305 1726 singulis
331 1645 442 1705 tamen
469 1639 584 1732 rebus,
614 1647 721 1706 utrum
750 1648 844 1708 aucta
874 1641 942 1707 sint
969 1642 1075 1708 altera
1102 1640 1225 1707 scholia
1247 1662 1291 1708 an

166 1759 312 1826 breviata
332 1759 448 1843 altera,
471 1759 612 1826 dubitari
633 1779 729 1843 posse
750 1761 852 1828 video.

253 1880 281 1944 7.
304 1879 450 1944 Tertium
472 1899 573 1964 genus
594 1881 629 1945 in
651 1879 751 1945 schol.
774 1878 1112 1968 neptalia-atet
1126 1880 1289 1947 innnccd.

166 1999 443 2086 aulae-mala
466 2004 643 2065 tractatur:
674 2019 739 2083 quo
769 2000 840 2066 loco
868 2007 957 2066 recte
981 1999 1150 2066 Bekkcrus
1173 2002 1291 2084 omnia,

167 2141 251 2204 quae
273 2119 349 2185 inde
373 2139 393 2184 a
413 2141 447 2203 p
470 2120 586 2204 831,32
609 2139 713 2202 usque
736 2119 779 2184 ad
800 2121 895 2206 832,6
917 2120 1086 2204 leguntur,
1119 2122 1154 2185 in
1176 2141 1291 2206 paren·

166 2240 256 2306 thesi
290 2238 417 2325 posuit,
453 2239 541 2322 quod
573 2239 865 2323 praetermiserunt
893 2239 1098 2306 Gaisfordius
1127 2247 1161 2306 ct
1188 2241 1292 2307 West

167 2359 300 2428 sahlius.
324 2397 365 2406 -
393 2359 457 2426 Sed
477 2379 578 2424 unum
601 2359 766 2443 quoddam
788 2359 976 2445 praeclarae
999 2361 1166 2428 doctrinae
1189 2381 1292 2426 exem·
1384 2437 1388 2447 ¹

165 2480 257 2564 plum
279 2477 378 2545 schol.
400 2479 493 2544 Dion.
519 2477 690 2562 exhibent,
720 2470 809 2563 quod
830 2481 1010 2545 miserrime
1038 2479 1214 2547 breviando
1238 2481 1290 2546 de-

166 2601 316 2686 pravavit
345 2598 507 2694 metricus.
550 2599 678 2682 Inspice
708 2597 796 2682 quod
826 2598 867 2664 de
897 2599 976 2686 πρὶν
1010 2600 1168 2685 producto
1199 2600 1290 2666 docte

166 2723 202 2786 in
224 2718 323 2786 schol.
345 2719 440 2784 Dion.
463 2719 580 2803 8321ss
610 2718 811 2801 disputatur:
850 2723 918 2784 ιτοῦ
941 2717 1006 2808 γάρ
1028 2722 1111 2806 πρὶν
1138 2715 1178 2785 τὸ
1199 2743 1213 2783 ι
1235 2741 1290 2786 συ-

82 2873 84 2882 r
168 2835 396 2922 στελλόμενον
415 2836 595 2923 ἐμηκύνθη
619 2835 676 2902 διὰ
693 2839 752 2917 τῆς
773 2839 996 2926 συναιρέσεως
1018 2837 1087 2904 sind
1112 2837 1173 2906 doio
1190 2840 1291 2930 φύσει

163 2957 302 3048 χρόνων.
332 2958 425 3037 Quod
440 2979 539 3042 quam
554 2977 628 3022 vere
650 2959 778 3044 dixerit,
796 2966 912 3036 ¹nostra
933 2959 1048 3024 melius
1070 2979 1169 3044 quam
1190 2960 1292 3043 ipsius

168 3087 258 3146 aetas
278 3079 439 3145 iudicabit
463 3077 515 3158 (cf.
531 3083 662 3162 praeter
678 3079 761 3144 alios
776 3077 879 3144 Curtii
893 3077 1112 3165 ,Grundziigo‘
1135 3099 1219 3144 num.
1228 3078 1292 3144 380

168 3205 202 3265 et
230 3199 372 3266 Hartelii
407 3197 627 3282 ,Homerische
656 3197 804 3264 Studien‘
837 3221 869 3283 p.
894 3199 934 3266 73
963 3199 1011 3264 ed.
1042 3198 1185 3284 prioris).
1228 3195 1292 3264 sed

167 3336 210 3382 nc
238 3319 335 3384 nimis
365 3317 575 3384 scholiastam
596 3317 808 3384 'laudaremus
852 3319 923 3403 ipse
952 3319 1054 3404 eavit,
1091 3339 1164 3383 cum
1195 3337 1292 3402 posse
1423 3291 1424 3304 ἵ

168 3439 307 3504 edane
336 3437 541 3504 circumflexo
568 3443 726 3521 sequente
754 3438 913 3524 syllabam
940 3438 1132 3522 productam
1161 3457 1293 3503 excusa-

169 3533 291 3625 tionem
327 3558 448 3627 tatere
485 3561 638 3628 adiceret.
657 3569 661 3574 “
682 3561 751 3625 Iam
780 3558 861 3642 quid
889 3559 963 3624 inde
995 3560 1030 3624 in
1059 3557 1158 3624 schol.
1186 3558 1291 3642 Heph.

169 3681 285 3767 litae
306 3678 456 3746 effectum
479 3681 523 3745 sit
545 3680 783 3748 animadverte:
808 3678 1031 3762 praetermisit
1052 3679 1140 3762 quod
1160 3679 1292 3744 doctum

169 3805 256 3878 erat3
278 3800 416 3866 retinuit
438 3799 525 3883 quod
548 3802 700 3866 stultum:
719 3867 724 3886 Ι
748 3803 807 3864 τοῦ
828 3798 893 3886 γὰρ
917 3799 995 3885 πρὶν
1017 3797 1057 3862 τὸ
1079 3821 1092 3861 ι
1114 3797 1291 3865 συστελλό-

168 3947 269 4010 μενον
290 3919 471 4010 ἐμηκύνθη
495 3916 553 3984 δισῖ
573 3927 634 4001 τῆς
654 3920 904 4008 ἐπιφερομένης.

255 4046 283 4110 8.
308 4045 466 4123 Quartam
504 4043 643 4127 denique
676 4040 829 4126 ancipitis
864 4061 965 4124 genus
993 4039 1027 4104 in
1057 4040 1157 4106 schol.
1187 4041 1292 4127 Heph.
1415 4094 1420 4103 s

107 4132 110 4144 ι
173 4165 334 4249 117,28-
347 4165 458 4250 118,17
496 4162 594 4228 finem
631 4161 727 4249 facit,
763 4181 835 4226 cum
872 4161 906 4226 in
935 4159 1042 4226 media
1070 4163 1293 4231 controversia

974 4291 977 4297 .
1060 4265 1098 4320 5·
