3002 4614
662 300 869 365 -re-
958 305 972 337 ¹
1059 305 1155 342 ψ’

289 473 432 552 Quorum
462 473 604 538 omnium
632 470 728 536 focile
752 451 905 556 princeps
932 476 982 536 cst
1005 469 1164 555 Georgius
1187 469 1329 538 Ohoero·

203 593 336 676 boscus3
367 592 406 658 de
436 569 500 677 ipro
531 593 662 657 omnino
692 592 737 656 sic
761 590 970 656 statuendum
991 589 1138 677 videtur,
1166 597 1202 656 nt
1223 610 1328 675 quen·

205 733 303 797 quem
324 714 466 796 ineptias
487 714 607 778 multas
629 711 782 794 protulit,
811 716 921 776 temen
943 731 1052 777 eorum
1082 710 1242 793 omnium,
1271 712 1332 795 qui

202 839 346 898 veterum
388 814 672 916 grammaticorum
716 829 898 916 Tryphonis
942 829 1120 896 Herodiani
1162 830 1331 914 Apollonii

201 951 370 1020 Heliodori
400 950 653 1034 Hephaestionis
696 950 835 1015 aliorum
867 969 966 1032 opere
996 946 1129 1034 insigni
1158 949 1332 1034 diligentie

202 1071 435 1153 nescierint,
458 1076 556 1154 etque
578 1069 747 1134 doctrinae
769 1071 1016 1156 grammaticae,
1039 1069 1169 1153 qualem
1196 1067 1332 1137 Graecis
1442 1107 1447 1118 ·

202 1189 389 1256 hominibus
411 1189 557 1256 excolere
579 1190 726 1275 contigit,
749 1191 878 1274 egregie
899 1189 1038 1255 scientie
1058 1191 1275 1273 excelluerint,
1290 1227 1330 1242 -

203 1313 375 1375 uteorum
404 1314 588 1394 postremus
616 1306 786 1375 habendus
817 1310 868 1375 sit.
913 1307 1015 1388 Quem
1037 1309 1094 1393 qui
1117 1311 1220 1376 secuti
1241 1313 1331 1397 sunt,

205 1449 271 1494 non
294 1428 341 1494 'ad
369 1429 458 1514 ipsos
488 1428 595 1495 fontes
626 1434 850 1515 accesserunt,
880 1428 976 1495 sede
998 1429 1111 1496 rivulis
1139 1430 1216 1496 inde
1246 1429 1355 1496 den:

183 1549 288 1616 *vetis
318 1547 452 1614 heurire
488 1547 725 1633 praetulerunt.
769 1548 878 1628 Quare
904 1551 1032 1634 egregie
1062 1569 1172 1614 errare
1201 1569 1332 1633 semper
1370 1581 1372 1585 ·

203 1667 285 1734 mihi
306 1668 367 1733 visi
389 1675 467 1734 sunt
488 1668 534 1750 ei,
565 1669 743 1752 quequasi
774 1668 904 1734 saecula
932 1669 1037 1735 multe
1064 1689 1245 1754 pancorum
1273 1691 1331 1734 en·

205 1809 322 1854 norum
351 1786 469 1853 finibus
497 1789 657 1854 contineri
684 1789 812 1871 possint
841 1809 947 1872 neque
974 1788 1009 1852 in
1040 1787 1108 1854 dies
1130 1789 1182 1854 vel
1207 1797 1333 1856 crescet

203 1907 256 1974 vel
278 1906 444 1972 decresset
464 1907 589 1991 ingenii
609 1906 745 1973 hnmani
773 1907 897 1974 indoles
923 1914 1023 1992 etque
1052 1914 1189 1993 nature,
1219 1929 1332 1976 omnes
1363 1962 1367 1986 ,

204 2046 285 2109 quos
307 2025 505 2111 Byzantinos
540 2031 659 2092 vocent
690 2049 758 2092 uns
792 2027 1033 2110 contemptione
1055 2048 1093 2092 ae
1117 2026 1332 2112 despicientis

194 2144 321 2239 'dignos
344 2166 413 2212 esse
436 2146 642 2212 contendant.
