3002 4614
704 329 893 392 ..4-

324 499 468 565 Primum
498 499 584 564 enim
605 500 668 584 ipsi
691 500 817 564 codices
840 499 867 562 si
890 499 1070 564 accuratius
1098 499 1224 592 excussi
1252 506 1360 584 erunt,

241 641 307 685 non
330 619 443 684 dubito
467 619 545 702 quin
567 618 672 685 multa
694 618 891 684 intellecturi
913 619 1029 700 simus,
1053 639 1144 701 quae
1168 624 1265 683 antea
1287 641 1363 684 con-

240 740 372 804 iecimus
399 738 501 822 magis
524 759 623 821 quam
646 730 867 821 probavimus:
900 737 991 802 cuius
1013 737 1062 829 rei
1085 731 1265 822 exemplum
1288 739 1363 804 aliis

240 857 434 924 imitandum
461 857 623 954 Prellerus
652 857 819 939 praebuit,
854 876 926 920 cum
955 856 1074 922 codicis
1104 856 1362 941 Hamburgensis

240 976 463 1062 paragraphos
492 978 617 1060 priores
645 976 755 1042 scdulo
785 979 1008 1059 perscrutatus
1043 975 1146 1040 multo
1178 977 1363 1042 accuratius

241 1091 341 1180 quam'
366 1095 487 1162 fecerat
513 1095 679 1159 Bekkerus
709 1094 921 1178 describeret,
950 1099 1040 1160 utet
1063 1093 1363 1176 quibuslooisno·

150 1269 155 1277 ,
240 1217 328 1281 mina
357 1219 525 1280 auctorum
554 1214 682 1279 adiecta
716 1215 783 1278 sint
812 1219 845 1278 et
872 1235 936 1296 quo
967 1212 1080 1278 ordine
1111 1213 1240 1298 singula
1269 1234 1363 1296 prae-

241 1340 336 1418 cepta
362 1355 432 1399 sese
455 1335 632 1418 excipiant,
662 1334 727 1397 iam
755 1333 873 1397 rectius
901 1332 1136 1414 intellegamus.
1181 1332 1281 1409 Quem
1305 1335 1365 1416 qui

240 1455 340 1520 secuti
362 1459 448 1538 sunt,
471 1452 741 1518 Wachsmuthius'
756 1452 904 1534 Uhligius
927 1451 1062 1515 Hartius
1086 1451 1163 1532 quid
1187 1453 1219 1514 in
1242 1451 1304 1515 hac
1327 1473 1364 1515 re

244 1574 425 1657 effecerint,
454 1571 542 1638 infra
571 1571 730 1636 indicabo.
775 1570 869 1636 Unde
898 1571 1003 1635 multa
1025 1571 1089 1634 iam
1112 1570 1219 1634 edocti
1241 1591 1364 1655 sumuS,

221 1691 327 1775 'quae
342 1698 440 1758 autea
456 1692 569 1774 ignota
585 1697 695 1772 erant3
719 1690 776 1754 sed
790 1692 889 1754 multo
904 1689 999 1782 plura
1015 1689 1183 1773 discemus,
1206 1690 1234 1754 si
1250 1683 1364 1754 eodem

242 1812 337 1876 modo
360 1793 470 1875 omnes
493 1811 612 1876 codicis
634 1809 888 1892 Hamburgensis
910 1813 1020 1892 partes
1049 1795 1233 1891 descriptae
1256 1814 1365 1894 erunt,

243 1951 341 2013 quam
357 1951 425 1994 rem
441 1931 645 2012 aliquatenus
660 1929 747 1994 infra
760 1929 958 2010 conabimur,
981 1932 1079 2008 atque
1092 1927 1190 1992 etiam
1212 1927 1270 1993 alii
1286 1927 1366 1992 libri

243 2071 317 2114 mss.
340 2049 513 2132 diligenter
543 2049 664 2114 conlati
694 2054 798 2112 erunt.
827 2021 982 2112 'Maxime
1012 2053 1118 2112 autem
1143 2047 1299 2111 Vaticano
1325 2049 1367 2110 14

244 2174 276 2233 et
293 2167 480 2252 'Marcianis
509 2169 571 2234 489
601 2143 633 2233 et
664 2168 725 2232 652
753 2168 839 2232 idem
869 2167 1008 2256 denique
1038 2167 1226 2250 contingere
1254 2165 1361 2244 velim,

244 2286 332 2369 quod
362 2309 402 2352 ne
430 2265 625 2352 incohatum
649 2287 780 2370 quidem
808 2293 857 2352 est
879 2287 1029 2352 adhunc
1051 2286 1152 2369 diem,
1176 2259 1365 2370 quanquam

245 2407 374 2471 unicum
396 2406 458 2469 hoc
480 2427 549 2470 esse
572 2405 737 2471 iudicandi
760 2405 1006 2470 fundamentum
1028 2407 1099 2470 luce
1122 2406 1240 2470 clarius
1263 2410 1321 2468 est.

328 2526 415 2589 Haec
445 2545 510 2589 una
540 2525 736 2590 scholiorum
765 2525 880 2590 melius
903 2527 1198 2608 cognoscendorum
1220 2523 1273 2590 via
1296 2531 1365 2605 est3

235 2633 379 2708 ‘alteram
404 2645 467 2739 'qui
494 2644 644 2728 elegerit,
674 2644 704 2708 ei
734 2666 798 2709 non
826 2649 894 2708 tam
916 2644 957 2708 ab
979 2645 1060 2729 ipsis
1083 2643 1245 2710 codicibus
1267 2643 1366 2728 profi-

202 2746 205 2752 ’
246 2764 426 2828 oiscendum
458 2765 520 2832 erit
551 2785 648 2846 quam
675 2751 718 2828 ab
749 2769 917 2832 auctorum
946 2763 1139 2846 nominibus
1168 2764 1216 2856 ita
1243 2767 1365 2848 tamen,

244 2889 281 2947 ut
303 2903 386 2964 quae
410 2881 540 2948 aliunde
563 2883 602 2948 de
625 2884 671 2948 eis
694 2890 770 2949 nota
798 2882 954 2960 habemus
984 2884 1108 2948 curiose
1130 2883 1303 2966 conquirat
1325 2903 1367 2948 ac

245 3000 408 3085 disponat,
438 3002 578 3086 indeque
602 3002 746 3086 utrisque
767 3002 853 3066 inter
875 3023 909 3067 se
932 3003 1070 3068 conlatis
1077 3053 1086 3086 ,
1117 3002 1197 3092 quid
1217 3001 1251 3068 in
1274 3000 1366 3066 scho-

243 3120 362 3184 liorum
390 3121 579 3186 collectione
607 3124 652 3186 eis
683 3121 931 3187 adscribendum
954 3123 1007 3205 sit,
1029 3122 1082 3186 ria
1111 3141 1150 3188 ac
1171 3121 1297 3186 ratione
1317 3121 1367 3188 di-

244 3240 387 3328 iudicare
416 3239 554 3306 studeat.
599 3242 719 3324 Attigit
747 3239 809 3304 hoo
837 3241 999 3309 Prellerus
1027 3241 1062 3304 iu
1092 3240 1367 3330 commentatione

245 3359 329 3432 infra
351 3359 536 3444 indicanda,
559 3381 642 3442 quae
664 3361 743 3426 satis
759 3361 888 3426 laudari
902 3361 1026 3442 nequit,
1042 3380 1114 3424 cum
1130 3365 1224 3460 caute
1241 3364 1366 3442 tempo-

245 3499 316 3542 rum
339 3479 466 3544 ratione
488 3479 716 3569 habitaquasi
738 3485 875 3544 stemma
898 3478 1061 3563 quoddam
1083 3478 1367 3562 grammaticorum

246 3596 436 3683 conficeret,
466 3598 553 3682 qnod
575 3619 669 3664 nemo
692 3600 726 3664 in
748 3597 836 3690 hisce
857 3597 955 3664 rebus
983 3598 1130 3664 intentus
1152 3597 1222 3664 sine
1244 3597 1366 3681 gravis·
1466 3584 1473 3596 ’

246 3716 326 3780 simo
362 3719 543 3784 studiorum
573 3740 704 3783 suorum
731 3719 925 3784 detrimento
955 3718 1110 3801 negleget.
1154 3716 1287 3783 Secutus
1314 3724 1368 3785 est

245 3833 345 3898 Elink
369 3836 474 3921 Sterk,
497 3839 588 3904 cuius
611 3838 853 3922 disputationis,
883 3857 1071 3920 quanquam
1093 3837 1128 3900 in
1149 3836 1210 3902 hac
1232 3836 1367 3924 quidem

245 3959 335 4018 terra
357 3956 557 4040 eamlegere
579 3979 645 4023 non
667 3957 789 4040 obtigit,
813 3963 921 4021 tamen
943 3957 1095 4021 notitiam
1117 3956 1261 4038 aliquam
1273 3956 1366 4024 Mau-

245 4073 326 4140 ricio
350 4072 525 4142 Schmidtio
549 4075 660 4164 debeo,
677 4072 741 4161 'qui
764 4084 796 4140 et
817 4076 887 4162 ipso
910 4075 1007 4142 solita
1027 4075 1177 4143 doctrina
1197 4075 1232 4142 in
1245 4073 1367 4144 Philol.
