3002 4614
617 315 809 381 ..5-

147 488 231 554 vul
247 510 276 572 p.
292 487 354 552 243
370 507 417 570 eq.
441 488 575 554 eandem
598 487 769 554 materiam
792 487 950 579 tractavit.
994 487 1055 565 Qui
1086 509 1272 572 quanquam

150 607 312 689 permulta
333 607 428 690 plene
451 613 484 671 et
505 607 720 690 probabiliter
744 606 1054 691 demonstraverunt,
1077 613 1186 673 tamen
1206 608 1272 672 alia

152 727 311 821 quaedam
340 726 560 811 reliquerunt,
591 748 729 810 quorum
758 726 952 808 particulam
978 725 1013 792 in
1041 727 1147 811 capite
1170 726 1270 792 altero

153 863 314 928 exponere
336 843 428 909 nobie
451 847 686 929 proposuimua

236 963 298 1028 Sed
319 962 445 1046 longine
468 965 566 1028 etiam
589 986 686 1047 quam
709 964 869 1028 alterutra
884 963 942 1027 uia
963 963 1220 1049 penetrabimus,
1243 968 1288 1032 si*

151 1088 288 1176 utraque
315 1085 502 1149 consociata
530 1083 672 1165 primum
699 1082 817 1148 codicis
849 1103 908 1166 ope
938 1082 1043 1148 adiuti
1065 1089 1193 1167 partem
1214 1086 1270 1151 ali·
1311 1087 1315 1094 “

152 1223 251 1285 quam
280 1200 477 1266 scholiorum
506 1226 526 1270 a
553 1201 668 1266 ceteris
699 1203 990 1286 segregaverimuS,
1026 1208 1093 1268 tum
1119 1225 1194 1269 vero
1223 1204 1269 1269 eis

151 1321 213 1404 uei,
236 1341 320 1403 quae
342 1320 535 1392 aliundene
558 1323 767 1404 grammat-ico
789 1320 930 1404 quodam
951 1319 1035 1385 effici
1056 1317 1204 1408 possunt,
1227 1324 1270 1390 ad
1346 1408 1349 1418 Ι
1433 1346 1439 1356 ·

151 1441 239 1524 ipsos
262 1439 458 1504 scholiorum
480 1439 586 1505 fontes
607 1442 704 1521 paulo
726 1442 860 1525 propius
882 1441 1119 1504 accesserimue
1154 1440 1270 1524 Itaque
1377 1473 1379 1476 ·

151 1558 269 1624 hocin
292 1558 400 1622 animo
423 1565 488 1643 est,
511 1561 648 1643 primum
672 1561 857 1644 quibusnam·
877 1561 991 1626 bulbus
1015 1561 1216 1644 Melampodis
1240 1565 1268 1628 ln
1377 1563 1379 1570 ’

146 1679 328 1763 Dionysium
345 1681 582 1747 commentarius
598 1683 800 1762 contineatur,
823 1681 1004 1744 accuratius
1021 1701 1187 1765 quaerere,
1200 1688 1271 1746 tum

151 1816 300 1882 quasnam
325 1801 428 1882 partas
451 1801 480 1866 ln
503 1802 631 1868 scholiis
655 1802 766 1869 habeat
788 1800 1019 1868 ctoarobosous
1042 1821 1081 1864 ex
1104 1801 1167 1864 alio
1192 1822 1269 1883 quo-

151 1919 226 1983 dam
247 1907 342 2002 libro,
366 1939 460 2002 quem
483 1923 515 1984 et
530 1920 599 2003 ipse
614 1921 817 2004 conscripsit,
832 1920 1062 2004 demonstrare,
1079 1925 1117 1984 ut
1131 1919 1270 2003 denique

151 2053 231 2121 quae
268 2039 346 2107 inter
383 2040 604 2122 llelumpodmr
636 2043 666 2108 el
699 2041 942 2109 choeroooscum
978 2041 1055 2107 ralla
1086 2042 1265 2124 intercedat,

149 2157 281 2241 penitus
317 2159 550 2241 perspiciatur3
590 2159 676 2224 unde
708 2160 806 2224 ctiam
821 2145 823 2149 Α
841 2159 881 2223 de
915 2159 1078 2243 Stephano
1114 2161 1270 2225 nonnulla

49 2365 52 2368 Ι
149 2275 295 2358 proferre
322 2276 411 2340 facili
440 2297 539 2358 opera
566 2280 760 2362 poterimuS,
791 2281 977 2361 quanquam
1004 2279 1131 2362 plenius
1161 2278 1201 2343 de
1230 2299 1267 2343 eo

150 2395 233 2460 alias
256 2394 488 2477 disputandum
510 2397 580 2460 erit.
