3002 4614
686 381 898 450 ..36-

230 573 261 638 p.
286 552 380 640 762st
401 558 435 618 et
458 552 508 636 12,
537 551 602 617 nisi
623 551 711 635 quod
732 551 836 634 prima
856 549 955 616 verba
975 551 1011 618 in
1033 549 1097 617 fine
1119 551 1228 635 posita
1251 546 1358 631 (tanc,

231 674 293 738 τῶν
315 670 374 738 δύο
395 672 576 756 μέμνηται)
600 675 634 736 et
654 671 814 738 nonnulla
843 670 882 736 de
911 670 1184 754 interpunctionis
1207 677 1356 755 tempore

229 793 329 860 multo
360 791 510 858 subtilius
540 790 689 882 exposita
716 789 879 872 videmus,
906 797 945 856 ut
972 797 1030 855 aut
1059 792 1093 857 in
1115 791 1356 878 Hamburgensi

209 905 445 995 'Melampodis
467 911 566 978 verba
593 910 741 976 breviata
754 977 755 982 ,
769 915 827 979 aut
854 911 889 974 in
918 909 1134 992 Neapolitano
1157 911 1357 993 interpolata

229 1053 300 1098 esse
321 1033 391 1096 lnce
414 1031 533 1097 clarius
556 1032 615 1106 sit;
644 1050 721 1096 nam
748 1028 787 1094 eri
808 1051 874 1096 uno
902 1030 1043 1113 quodam
1065 1029 1156 1096 sonte
1178 1037 1357 1112 utrumqne

229 1151 440 1217 derivandum
463 1171 533 1216 esse
556 1157 663 1214 atres
685 1155 716 1215 et
737 1169 842 1245 sermo
864 1154 1044 1225 testantur;
1065 1128 1170 1233 nequ¹e
1191 1149 1357 1233 quomodo

229 1271 264 1338 ih
285 1269 497 1336 describendo
519 1274 553 1336 et
574 1269 638 1352 ipsi
659 1266 866 1355 grammatici
885 1274 1011 1337 veteres
1034 1274 1068 1334 et
1081 1267 1208 1334 librarii
1224 1270 1358 1354 singula

230 1390 378 1482 augendo
400 1388 576 1459 minuendo
599 1388 853 1472 immutaverint,
875 1389 1024 1472 ignotum
1046 1395 1105 1454 est.

276 1555 278 1560 -
314 1509 404 1600 §h
463 1510 572 1577 Diem.
620 1509 873 1592 vacas-teas
916 1508 944 1572 Α
1073 1579 1074 1582 ¹

458 1747 571 1832 crept.
617 1747 871 1833 iaaac-vtae
913 1747 941 1812 Β

391 1869 455 1933 τοῦ
471 1864 579 1932 αὐτοῦ
622 1867 802 1950 teat-14
914 1865 1031 1950 Porph.

397 2011 400 2018 ,
458 1989 566 2057 niam.
593 1969 871 2072 ‘icaro-vcra
914 1987 942 2051 n
1069 2043 1072 2048 .
1194 2004 1197 2012 ν

312 2108 362 2174 Ab
385 2107 450 2172 unc
473 2098 606 2173 auctore
629 2113 662 2171 ct
684 2106 779 2190 769,4
800 2127 847 2189 sq.
870 2112 904 2172 st
926 2106 1041 2190 768322
1064 2126 1112 2190 sq.
1137 2107 1263 2192 scripta
1285 2127 1355 2174 esse

228 2247 334 2312 neque
356 2233 489 2312 propter
509 2227 765 2311 Hamburgensis
787 2226 1014 2292 auctoritatem
1037 2224 1280 2292 concedendum
1303 2249 1351 2293 nc·

228 2369 292 2432 que
306 2368 365 2432 per
387 2368 421 2412 se
443 2347 550 2430 ipsum
572 2345 767 2411 credendum
784 2352 855 2428 est3
878 2347 1084 2431 quodncmc,
1108 2347 1164 2428 qui
1179 2352 1355 2431 utrumque
1486 2393 1487 2424 ,

98 2539 102 2550 Ι
157 2517 160 2526 ,
227 2467 353 2552 legarit,
368 2466 511 2550 negabit.
545 2464 610 2532 Sed
625 2464 786 2548 quomodo
801 2487 894 2532 error
907 2465 1074 2550 invaserit,
1096 2485 1138 2530 nc
1153 2465 1207 2532 hic
1221 2466 1357 2550 quidem

228 2607 362 2672 prorsus
394 2587 492 2662 latet3
518 2605 594 2654 nam
616 2584 805 2671 Porphyrii,
835 2584 887 2650 cui
914 2584 950 2650 in
971 2584 1211 2670 Hamburgensi
1233 2587 1357 2652 adscri-

228 2705 316 2772 bitur
345 2706 499 2791 alterum,
528 2726 646 2770 nomen
675 2726 748 2772 cum
777 2705 811 2770 in
833 2703 1050 2788 Neapolitano
1079 2689 1359 2790 nusquam'repess

133 2825 136 2836 ’
231 2826 354 2909 riatur,
382 2826 453 2909 ipsc
474 2825 645 2909 librarius,
674 2844 771 2908 quem
798 2825 991 2911 scriptorem
1019 2826 1159 2909 legeret,
1177 2823 1358 2892 'nescivisse
1482 2821 1483 2855 ¹

227 2944 375 3028 videtum
409 2957 515 3029 'quare
550 2944 585 3010 id
618 2944 707 3028 quod
732 2944 824 3010 nullo
854 2951 988 3012 auctore
1017 2944 1120 3012 allato
1149 2943 1357 3031 Stephanum
1480 2997 1481 3002 η

227 3067 321 3148 scqvni
341 3065 484 3150 videbat,
506 3065 546 3130 ab
570 3085 607 3130 ec
630 3065 849 3147 conscriptum
871 3083 941 3132 esse
955 3063 1053 3134 facile
1076 3064 1139 3130 sibi
1154 3064 1357 3150 persuadere
1479 3085 1480 3088 ’

229 3191 371 3271 peterat.

313 3303 463 3389 Denique
483 3302 534 3369 bis
560 3308 731 3388 praeterea
753 3302 913 3388 Stephani
933 3305 968 3370 in
989 3303 1208 3389 Neapolitano
1230 3268 1356 3371 mentio

228 3423 282 3508 fit,
310 3425 451 3510 primum
478 3423 512 3487 in
543 3421 566 3510 ξ
591 3423 609 3488 7
638 3423 732 3508 adp.
757 3423 1033 3509 tanai-vcta,
1056 3446 1141 3507 quae
1163 3425 1263 3490 etiam
1285 3425 1356 3492 Ste-

228 3543 337 3628 phano
367 3543 483 3610 tribuit
504 3541 776 3626 Hamburgensie3
806 3549 876 3610 tum
903 3543 938 3609 in
961 3541 986 3631 ξ
1010 3547 1047 3610 11
1072 3544 1113 3608 ad
1135 3543 1234 3608 verba
1256 3565 1355 3627 quac-

229 3663 321 3748 dam,
349 3683 433 3746 quae
463 3682 652 3746 quanquam
673 3681 806 3746 prorsus
829 3663 949 3730 similia
970 3665 1004 3731 iu
1026 3661 1264 3746 Hamburgensi
1287 3685 1356 3730 non

229 3783 400 3867 leguntur,
429 3787 539 3850 tamen
568 3803 609 3848 cx
630 3781 687 3864 eis,
711 3803 794 3865 quae
816 3805 847 3866 p.
871 3782 986 3866 835,29
1009 3804 1056 3865 sq.
1079 3783 1228 3868 legimus,
1249 3781 1356 3848 brevi·
1393 3841 1397 3847 .

229 3901 315 3968 ando
349 3909 499 3984 excerpta
527 3923 597 3968 csse
626 3909 657 3968 ct
678 3901 938 3986 Wachemuthio,
967 3902 1031 3968 nisi
1059 3901 1163 3987 fallor,
1185 3903 1255 3968 visa
1277 3908 1356 3970 sunt

228 4041 334 4106 neque
371 4021 522 4104 cuiquam
557 4043 623 4088 nen
656 4021 861 4088 videbuntur.
905 4022 1013 4104 Atque
1048 4021 1137 4088 haec‘
1161 4043 1291 4104 quoque
1320 4023 1357 4088 in

228 4141 419 4210 undecimae
454 4142 654 4226 paragraphi
684 4141 767 4208 libro
804 4143 940 4208 altero
974 4143 1039 4226 legi
1066 4163 1169 4227 supra
1197 4141 1282 4225 dixi,
1316 4148 1356 4210 ut
