3002 4614
625 305 833 372 ‚53-

162 473 411 566 γραμματικοί,
436 477 496 542 καὶ
519 473 629 554 ἄλλως
650 478 682 544 οἱ
703 473 872 568 ρνθμικοί.
905 475 945 544 Οἱ
959 486 1191 564 γραμματικοί
1209 477 1292 542 ἐκεί-

162 619 225 663 νον
244 596 379 682 μακρόν
395 594 518 685 χρόνον
538 594 736 662 ἐπίστανται
760 595 820 663 τὸν
849 593 969 683 ἔχοντα
1002 593 1072 662 δύο
1097 595 1291 684 χρόνους,

163 717 225 780 καὶ
257 717 297 784 ου’
333 713 575 802 καταγίνονται
611 711 660 792 εἰς
697 713 815 802 μεῖζόν
849 737 900 781 τι·
946 718 978 782 οἱ
1011 719 1045 784 δὲ
1077 714 1292 808 ῥυθμικοὶ

163 837 295 914 λέγουσι
325 835 403 904 τόδε·
434 824 522 900 εἶναι
548 836 760 926 μακρότερον
788 837 905 918 τοῦδε,
934 834 1126 924 φάσκοντες
1149 835 1211 916 τὴν
1231 841 1292 920 μὲν

162 956 229 1021 τῶν
251 957 432 1039 συλλαβῶν
460 943 548 1023 εἶναι
577 954 640 1025 δύο
662 953 800 1041 ἡμίσεος
817 953 965 1045 χρόνον,
994 957 1070 1035 τήν
1093 955 1135 1021 δὲ
1162 961 1292 1042 τριῶν,

161 1071 243 1154 τήν
266 1077 309 1139 δὲ
331 1074 553 1146 πλειόνων,
598 1077 722 1142 Eadem
744 1077 873 1142 brevius
897 1076 1090 1142 exhibentur
1112 1079 1145 1144 in
1162 1077 1292 1144 scholiis

159 1195 397 1280 grammaticis,
424 1195 545 1282 ‘quibus
568 1197 653 1261 alter
675 1197 872 1263 scholiorum
895 1197 1100 1268 metricorum
1130 1197 1219 1264 locus
1242 1218 1292 1261 ac·

162 1317 263 1384 cedit:

205 1468 311 1537 Schol.
356 1469 450 1536 Dion.
494 1493 526 1554 p.
569 1470 701 1555 emec:
772 1470 900 1558 *Schol
917 1469 1147 1554 Heph.98,1e:
1169 1467 1293 1536 Ἰοτέον

158 1585 287 1654 Ἰοτέον
309 1591 344 1656 δὲ
367 1583 419 1652 ὅτι
441 1591 536 1675 παρα
559 1590 633 1665 τοῖς
646 1613 701 1673 με·
756 1589 792 1654 δὲ
814 1586 855 1665 ὠς

159 1710 290 1794 τρικοῖς
312 1711 406 1775 πᾶσα
427 1709 545 1794 μακροί
568 1705 702 1796 δίχρο·

63 1891 70 1899 ,
157 1851 247 1912 νος,
272 1827 368 1914 τιαροί
391 1829 428 1894 δὲ
452 1833 526 1904 τοῖς
544 1829 706 1916 τεχνικοῖς
786 1863 788 1873 ·

158 1951 272 2033 (immo
302 1945 503 2040 ῥυθμικοῑς)
534 1945 702 2034 τρίχρο-

157 2065 228 2144 νός
252 2091 292 2133 τε
317 2069 388 2132 καί
412 2066 703 2156 τετράχρονος,

159 2185 332 2273 τρίχρονος
368 2191 429 2272 μὲν
458 2184 500 2262 οίς
530 2184 701 2269 ηὔλουν,
755 2183 828 2250 ἔστι
861 2184 981 2270 μακροί
1021 2183 1236 2272 τρίχρονος
1270 2179 1294 2266 ἢ

158 2303 291 2393 ὤθουν,
333 2303 552 2394 τετρᾶχρονος
588 2307 624 2370 δὲ
658 2301 703 2382 οἷς
755 2307 823 2370 καὶ
866 2304 1075 2371 πλειόνων
1115 2303 1293 2391 χρόνον,

159 2422 281 2514 θρᾷξ.
718 2470 721 2477 ι
751 2413 826 2490 οἷον
847 2423 1007 2504 ηὔλουν
1030 2421 1150 2512 Θρηίξ.

247 2579 370 2646 Eorum
377 2631 387 2666 ‚
418 2601 502 2664 quac
524 2581 700 2648 coniunclc
721 2580 952 2664 grammaticus
983 2578 1132 2664 exhibet,
1163 2579 1229 2645 alia
1251 2579 1291 2646 ab

159 2701 237 2766 aliis
274 2701 419 2766 metricis
453 2699 553 2766 allata
584 2720 654 2766 csse
690 2705 781 2784 patet
788 2749 797 2782 ‚
840 2679 880 2765 ul
916 2677 1063 2782 uirisque
1099 2699 1293 2766 consociatis

160 2800 382 2886 communem*
399 2819 557 2904 originem
589 2841 755 2904 agnoscas.
800 2819 864 2884 Sed
893 2819 983 2902 quod
1014 2828 1175 2905 τεχνικοῖς
1206 2820 1294 2903 apud

158 2939 413 3025 grammaticum
435 2945 556 3022 exstat,
580 2939 669 3022 quod
691 2939 853 3023 quomodo
876 2940 1103 3023 corrigendum
1125 2942 1168 3005 sil
1188 2938 1293 3004 metri-

161 3082 220 3127 cus
245 3060 348 3139 docet,
378 3058 515 3125 similem
546 3080 655 3124 rerum
687 3059 840 3124 similium
862 3059 1084 3126 confusionem
1107 3061 1205 3126 etiam
1228 3058 1292 3123 alio

163 3183 237 3246 loco
260 3179 562 3244 animadvertimim:

145 3424 148 3432 .
202 3349 309 3417 Schol.
321 3349 417 3414 Dion.
436 3371 467 3434 p.
476 3349 588 3433 831,2:
618 3341 706 3414 ὅθεν
799 3349 905 3427 Schcl,
922 3349 1027 3435 Heph.
1043 3349 1151 3434 93,12:
1174 3346 1294 3413 Ἱοτὲον

150 3464 221 3536 ’καὶ
251 3471 283 3534 οἱ
313 3467 522 3553 μουσικοί
556 3466 608 3532 ἐπὶ
640 3469 704 3533 τῶν
755 3463 808 3534 ὅτι
837 3470 929 3554 παρα
968 3470 1038 3544 τοῖς
1068 3468 1295 3552 μετρικοῖς
1332 3487 1338 3494 ·

160 3589 334 3678 συλλαβῶν
368 3587 432 3652 τείν
468 3587 612 3675 ἐχουσοῖν
641 3588 704 3664 τοὶς
755 3585 1155 3677 ὀξυτονουμένηονλλαβή
1171 3583 1294 3673 μείζων

160 3707 283 3794 ὀξείας
302 3706 343 3785 (ὃς
378 3707 431 3772 ε’τιί
470 3708 705 3781 τὰπλεῖστα»
755 3711 824 3774 ἐστὶ
858 3711 916 3787 της
950 3707 1185 3796 βαρυνομένης
1221 3758 1296 3774 .....

158 3817 489 3918 ἕμβραδείνουοι
517 3829 589 3905 τοῖς
613 3825 707 3915 κροιί-
759 3825 889 3914 γίνεται
917 3826 981 3913 γοίρ
1009 3828 1222 3917 βραδυτής
1245 3853 1295 3926 τις

167 3973 285 4037 σμασι,
759 3948 820 4012 τοῦ
857 3944 981 4035 χρόνον
1141 3949 1199 4016 ece
1236 3951 1295 4030 τῆς

757 4060 877 4146 ὀξείας.
