3002 4614
665 330 875 398 ..82-

203 504 353 575 subtilius
368 507 414 574 sio
434 505 669 591 distingueret:
693 500 845 594 Βραχεῖά
864 501 951 569 ἐστι
969 499 1121 592 συλλαβή
1199 500 1333 590 Μακρά

155 631 158 636 '
207 626 300 692 ἐστι
328 624 562 714 συλλαβὴ..
601 626 700 694 Θὲοει
730 625 858 712 μακραὶ
886 619 1087 705 γίνονται
1223 620 1333 702 Κοινὴ

204 741 400 830 γίνετοιῖ
445 745 539 822 Quod
566 746 601 810 in
630 746 762 812 scholiis
791 767 821 830 p.
847 744 1031 829 103,26sq.
1060 743 1107 808 sio
1141 745 1229 808 recte
1259 741 1334 808 illu·

206 871 347 932 stratur:
398 865 451 948 Τῷ
486 865 523 932 δὲ
550 861 771 952 Ἡφαιστίωνι
801 859 879 950 ὅρον
905 861 969 928 οὐκ
998 857 1115 940 ἔδοξεν
1143 859 1231 952 stirp
1258 862 1334 946 (leg.

204 973 321 1072 ἀϋτῆς)
353 985 484 1064 δοῦναι,
517 984 594 1054 οὐδὲ
627 985 687 1064 τῆς
715 984 813 1049 θέσει
845 982 996 1076 μακρᾶς,
1027 983 1148 1058 καλῶς.
1197 977 1332 1061 restari

205 1125 315 1195 φασιν
336 1095 391 1170 ὅτι
414 1104 489 1189 (leg.
514 1102 577 1170 οὐκ
599 1126 705 1190 neque
726 1125 803 1170 vero
825 1123 899 1170 eum
911 1101 1049 1168 Caesare
1070 1125 1101 1186 p.
1111 1103 1159 1168 IX
1181 1095 1236 1169 ὅτι
1259 1098 1332 1188 οὐκ)

203 1221 239 1300 ἒξ
260 1221 368 1288 αὐτῶν
390 1218 521 1298 εἰσὶν,
543 1223 635 1290 aare
657 1224 759 1292 θέσει
781 1219 803 1302 ἢ
823 1223 974 1312 βραχεῖαι
997 1216 1019 1300 ἢ
1039 1223 1171 1308 μακροὶ
1193 1221 1334 1306 γίνον-

204 1353 285 1408 ται.
329 1340 485 1427 περιττὸν
514 1345 550 1412 δὲ
580 1345 639 1422 τῆς
667 1343 714 1427 μή
739 1339 840 1423 οὔσης
867 1337 948 1428 ὅρον
970 1339 1174 1406 ἀποδοῦναι·
1210 1341 1243 1406 οἱ
1265 1339 1334 1426 reip

205 1457 283 1548 ὅροι
316 1464 381 1528 τὼν
409 1460 517 1529 ὄντων
537 1462 640 1549 φύσει
662 1459 826 1543 δίδονται
869 1462 960 1528 Nihil
988 1459 1204 1527 adiciendum.
1247 1461 1336 1528 Num

96 1607 99 1618 ·
206 1582 501 1668 quisByzantinum
517 1583 837 1666 quaestiuncularum
860 1583 1022 1648 curiosum
1038 1581 1247 1648 distinctione
1269 1581 1337 1647 ista

205 1702 256 1768 uti
278 1701 422 1768 noluisse
444 1701 645 1767 crediderit?
738 1757 740 1763 .

292 1821 527 1888 Gravissimum
556 1827 667 1888 autem
696 1827 763 1906 ost,
790 1819 880 1905 quod
908 1819 1006 1886 finem
1027 1819 1137 1888 faciat.
1181 1820 1272 1900 Quae
1295 1819 1335 1886 de

205 1941 306 2008 tertia
335 1941 488 2025 ancipitis
512 1941 618 2024 specie
641 1939 816 2025 Dionysius
837 1940 873 2004 in
896 1935 921 2028 ξ
946 1941 983 2004 11
1008 1937 1106 2025 dixit,
1135 1939 1230 2004 valde
1252 1939 1334 2006 vitu-

205 2061 353 2144 peranda
375 2066 466 2126 sunt:
503 2059 612 2144 (κοινή
634 2056 776 2140 γίνεται)
799 2051 823 2136 ἢ
844 2051 928 2125 ὅταν
954 2060 1090 2146 βραχεῖα
1118 2045 1203 2124 οὖσα
1228 2081 1336 2122 κατοι-

206 2187 345 2265 ιιεραιοῖ
372 2175 421 2255 εἰς
447 2183 547 2277 μέρος
571 2175 672 2266 λόγου
702 2180 762 2243 καὶ
783 2176 846 2257 τήν
867 2174 941 2255 ἑξῆς
969 2175 1026 2269 ἔχῃ
1048 2175 1118 2242 ιιίιό
1140 2169 1336 2268 pontisarae

206 2295 413 2383 ἀρχομένην,-
436 2319 512 2365 nam
534 2299 723 2386 saepissime
745 2296 912 2365 contraria
934 2303 983 2364 est
1002 2318 1065 2364 res.
1108 2297 1214 2364 Multo
1236 2298 1337 2383 igitur

206 2416 324 2482 rectius
352 2416 553 2501 Hephaestio
575 2437 606 2501 p.
630 2419 660 2505 9,
684 2419 739 2484 14:
786 2412 902 2502 Τρίτος
930 2415 967 2482 δέ
989 2416 1061 2482 ἐστι
1083 2416 1229 2503 τρόπος,
1252 2412 1337 2484 ὅταν

207 2535 349 2621 βραχεῖα
379 2536 535 2621 συλλαβή
565 2537 682 2616 cetrati
711 2533 828 2615 λέξεως
853 2523 888 2627 ᾖ,
914 2535 978 2630 μήΙ
995 2536 1244 2625 ἐπιφερομένων
1270 2538 1335 2603 τῶν

207 2655 270 2733 τῆς
289 2656 427 2740 μακρᾶς
449 2655 502 2742 (cf.
518 2656 691 2726 Caesarem
712 2676 743 2742 p.
752 2656 812 2743 VI)
834 2658 1017 2736 ποιητικῶν
1038 2654 1238 2746 συμφώνων,
1261 2653 1339 2722 ἀλλ’

206 2769 282 2854 ἤτοι
304 2770 377 2850 ἑνὸς
397 2768 422 2853 ἢ
441 2774 596 2873 μηδενός,
619 2797 702 2860 quae
724 2775 804 2842 ferri
826 2797 904 2844 saue
924 2781 1074 2860 possunt,
1095 2796 1171 2842 cum
1186 2776 1338 2864 Dionysii

206 2899 417 2978 praeceptum
445 2915 652 2980 nequaquam
682 2895 837 2981 sufficiat,
867 2897 990 2982 quippe
1018 2896 1106 2980 quod
1127 2895 1238 2963 multis
1261 2902 1336 2962 aute

207 3012 482 3099 Hephaestionem
504 3015 598 3082 annis
620 3015 744 3083 factum
765 3037 836 3082 esse
857 3021 980 3102 pateat.

293 3133 357 3200 Sed
380 3135 467 3219 quod
488 3136 552 3220 ipsi
573 3135 728 3222 vidimus,
750 3135 786 3202 id
807 3158 849 3202 ne
870 3133 1062 3204 scholiastes
1085 3135 1218 3220 quidem
1239 3136 1336 3222 fugit,

209 3253 267 3336 qui
293 3258 331 3318 ut
353 3253 518 3339 Apollonii
545 3262 578 3322 et
604 3254 776 3322 Nicanoris
807 3256 958 3322 doctrina
985 3257 1081 3340 quasi
1111 3277 1172 3324 sua
1192 3257 1337 3341 quadam

209 3372 341 3458 egregia
362 3375 496 3440 seientia
516 3374 693 3442 utebantur
714 3375 918 3463 adDionysii
933 3376 1115 3442 sententias
1128 3376 1336 3461 refellendas,

209 3493 256 3557 sie
277 3494 386 3580 etiam,
417 3515 501 3577 quae
522 3494 742 3582 Hephaestio,
771 3501 810 3562 ut
837 3495 1038 3584 syllabarum
1059 3497 1242 3566 doctrinam
1262 3517 1335 3583 per·

209 3611 341 3700 pohret,
371 3613 437 3680 sive
458 3614 529 3697 ipse
550 3616 720 3682 invenerat
742 3616 808 3684 sive
830 3616 872 3684 ab
894 3616 968 3684 aliis
990 3622 1160 3684 mutuatus
1182 3622 1265 3703 erat,
1295 3637 1337 3684 ea

211 3729 308 3815 quasi
334 3751 352 3797 e
378 3754 437 3799 suo
461 3753 548 3818 penu
578 3735 770 3821 deprompta
795 3741 911 3803 contra
930 3737 1123 3824 Dionysium
1143 3736 1336 3804 attulerunt.

208 3849 256 3917 Ut
276 3871 308 3934 p.
330 3851 426 3939 829,3
457 3853 475 3918 ὁ
496 3853 647 3940 τεχνικός
675 3857 896 3943 vituperatur,
922 3857 1003 3941 quia
1023 3857 1156 3942 longam
1176 3857 1338 3944 syllabam

208 3977 287 4038 ante
307 3971 439 4056 longam
460 3973 494 4040 in
516 3973 607 4040 exitu
624 3981 754 4042 tantum
774 3976 947 4042 verborum
969 3977 1092 4063 corripi
1112 3997 1178 4044 non
1201 3979 1337 4062 dixerit;

208 4111 286 4210 nam
321 4093 424 4158 multo
460 4094 592 4178 saepius
621 4093 684 4160 hoc
712 4093 784 4161 fieri
813 4095 1013 4179 Hephaestio
1042 4097 1207 4166 docuerat.
1253 4099 1337 4166 Eum
