3002 4614
651 230 862 296 ...ἵΟ....

189 407 326 487 arguats
347 421 444 486 quem
471 421 533 485 per
560 399 717 470 tredecim
740 399 938 470 scholiorum
959 399 1186 487 paragraphus
1209 420 1320 485 perse·
1353 403 1355 420 '

189 487 257 590 iuti
279 543 397 591 sumus.
442 521 549 599 Quare
571 520 599 588 si
622 521 747 588 accedit
766 520 926 603 valterum,
949 520 1038 604 quod
1057 521 1157 591 istum
1172 519 1321 590 ‘scholio-

188 665 261 710 rum
289 647 451 712 auctorem
472 641 712 726 Melampodem
737 661 807 708 esse
837 639 983 708 codicum
1010 639 1207 710 auctoritate
1230 642 1319 708 evin-

189 763 285 844 citur,
307 762 387 844 quid
408 760 485 828 inde
507 759 711 826 efficiendum
732 759 796 826 erit
817 760 882 828 nisi
902 759 981 826 boor
1011 759 1321 846 Melampodem

189 881 326 948 fuisse
359 885 457 965 post
484 878 838 966 Choerobosoum,
861 881 992 948 *cuius
1020 878 1175 951 librum
1201 885 1320 948 tran—

190 999 416 1086 scriberet,
467 1004 512 1067 nt
553 1000 799 1084 primarium
842 999 1117 1086 Melampodis
1160 999 1321 1068 fontem

190 1120 288 1188 inde
317 1119 641 1204 cognoscamus?

276 1237 370 1318 Quod
400 1240 427 1306 si
456 1244 601 1324 constat,
630 1244 698 1304 tum
728 1237 827 1304 etiam
854 1237 1052 1306 aliudrecte
1074 1237 1318 1324 explicabimus,

190 1359 279 1444 quod
307 1365 341 1426 et
368 1359 491 1444 passim
519 1357 560 1423 ab
591 1357 665 1423 aliis
695 1358 887 1424 adnotatum
916 1364 980 1443 est,
1011 1360 1139 1443 etipse
1168 1379 1185 1422 e
1215 1359 1319 1443 copiis

191 1480 270 1545 meis
292 1467 505 1545 multifariam
528 1477 668 1562 probare
690 1497 839 1562 possum:
866 1478 1026 1562 permulta
1047 1479 1082 1543 in
1103 1477 1320 1561 Melampodis

191 1597 422 1672 commentario
445 1604 479 1664 et
504 1596 721 1664 Oboerobosci
741 1596 883 1669 Dictatis
911 1618 948 1664 eo
971 1619 1075 1682 usquo
1098 1598 1217 1668 similia
1239 1619 1320 1684 esse,

163 1741 168 1751 ⁸
189 1724 227 1784 ut
249 1719 389 1785 alterurn
412 1719 542 1786 alterius
562 1717 656 1784 libris
677 1737 773 1783 usum
794 1736 865 1783 esse
887 1718 922 1782 iu
942 1716 1117 1806 manifesto
1140 1717 1192 1784 sit.
1235 1717 1321 1784 Nam

191 1857 415 1921 eorumquae
445 1838 480 1903 in
509 1836 650 1904 Dictatis
680 1837 832 1919 exposuit
860 1855 1012 1920 magnam
1041 1843 1168 1921 partem
1195 1857 1321 1904 acom-

191 1957 352 2025 mentario
374 1957 409 2022 iu
424 1955 617 2041 Dionysium
639 1956 758 2038 scripto
781 1954 998 2040 desumpsisse
1020 1975 1093 2022 eum
1108 1957 1240 2041 nemini,
1263 1958 1322 2040 qui

85 2073 86 2076 ’
147 2097 153 2110 ·
189 2076 224 2142 in
250 2076 466 2160 grammaticis
496 2074 659 2142 veteribus
690 2081 835 2140 versatus
865 2076 922 2160 sit,
952 2070 1126 2158 probabile
1146 2097 1213 2142 non
1233 2075 1321 2144 uido-

191 2195 288 2262 bitnr.
333 2196 397 2262 Sed
424 2196 521 2260 etiam
543 2193 665 2260 indicia
687 2193 782 2261 buius
805 2196 854 2260 rei
883 2199 1031 2279 exstant,
1052 2217 1137 2278 quae
1160 2217 1226 2262 non
1248 2201 1321 2264 tan·

190 2320 262 2384 tum
293 2335 352 2400 por
380 2335 415 2380 se
443 2312 670 2382 memorabilia
698 2312 782 2396 sint,
819 2313 877 2381 ssd
907 2315 1007 2386 etiam
1030 2314 1147 2382 summi
1167 2317 1323 2384 momenti

191 2435 234 2505 ad
256 2436 313 2521 ea',
344 2454 429 2519 quae
458 2425 498 2500 de
521 2431 745 2500 Choerobosco
776 2455 810 2500 se
839 2435 946 2518 ipsum
977 2433 1177 2504 exscribente
1199 2431 1224 2524 ξ
1249 2435 1324 2520 18,4

159 2568 160 2572 ’
191 2555 324 2640 conieci,
354 2553 585 2622 confirmanda.
629 2553 767 2618 Prorsus
789 2553 875 2618 enim
906 2552 1018 2620 eodem
1045 2553 1141 2622 modo
1165 2575 1230 2637 quo
1252 2554 1322 2632 illic

192 2695 210 2740 e
232 2674 466 2742 commentario
489 2674 523 2739 in
545 2647 736 2759 Dionysium
766 2673 888 2758 scripto
910 2673 1071 2740 nonnulla
1092 2673 1265 2742 transtulit
1287 2675 1324 2740 in

191 2793 320 2860 librum
334 2793 516 2878 metricum,
538 2792 685 2877 quamvis
708 2791 750 2858 ad
763 2791 956 2876 Dionysium
978 2797 1108 2862 tantum
1127 2794 1324 2878 spectantia,

196 2914 292 2980 etiam
314 2913 349 2980 in
370 2913 512 2990 Dictatis
535 2933 602 2981 non
623 2911 720 2978 modo
742 2931 794 2976 res
816 2911 925 2994 posuit
948 2912 991 2978 ad
1010 2912 1203 2998 Dionysium
1225 2913 1325 2996 perti·

178 3037 321 3117 ,nentesj
341 3031 398 3097 sed
420 3031 522 3115 ipsius
539 3031 689 3116 Dionysii
711 3051 829 3097 nomen
852 3032 1015 3122 apposuit,
1039 3032 1134 3115 quasi
1155 3052 1229 3099 eum
1250 3031 1324 3100 illu·

179 3156 332 3230 straret:
366 3149 405 3216 cf.
427 3171 458 3236 p.
483 3149 613 3234 111,15:
644 3139 966 3236 intromissionis,
989 3145 1043 3216 ὅτι
1065 3149 1160 3240 [ἐπεὶ]
1185 3147 1204 3219 ὁ
1226 3151 1254 3218 Δ
1262 3169 1324 3217 ιο·

190 3267 334 3346 odoror
366 3267 416 3348 ὡς
445 3267 550 3356 πρός
579 3267 891 3354 εἰςαγομένονς
912 3267 992 3359 ,τὸν
1022 3267 1152 3352 λόγον
1182 3267 1324 3336 ποιού-

190 3412 340 3475 μενος,
384 3386 505 3458 τούτου
537 3385 637 3476 χάριν
673 3389 821 3473 τέσσαρα
859 3388 976 3456 τελικά
1011 3377 1104 3456 εἶπεν
1142 3387 1229 3475 ἔχειν
1265 3387 1328 3469 ario

193 3507 336 3578 addeins
361 3513 426 3576 τῶν
448 3509 698 3590 πληθυντικῶν.
742 3510 814 3581 Vix,
827 3509 929 3574 risum
951 3515 1064 3576 teneas
1086 3509 1328 3594 neglegentiam

197 3627 338 3697 hominis
362 3629 533 3715 aspiciens,
556 3629 614 3713 qui
634 3627 798 3713 profunda
820 3628 999 3716 oblivione,
1023 3629 1103 3712 quid
1124 3634 1245 3712 ageret,
1268 3629 1347 3718 im·-

193 3745 292 3830 butus
333 3731 537 3815 describendi
572 3747 689 3838 studio,
719 3747 874 3832 abreptus
908 3748 1101 3833 Dionysium
1137 3747 1330 3816 defenderet

192 3866 264 3938 loco
291 3869 511 3954 ineptissimo,
541 3889 639 3952 quem
662 3867 833 3954 aptissimo
857 3865 1048 3934 defenderat
1070 3873 1177 3934 antea.
1220 3865 1329 3946 Quare
1357 3939 1361 3950 ⁸

194 4009 266 4066 cum
289 3988 395 4059 multa
409 3986 623 4096 Melampodis
646 3987 879 4058 commentario
902 3989 935 4052 et
952 3985 1169 4054 Cboerobosoi
1183 3985 1343 4055 Dictatis
