3002 4614
588 929 696 982 „Multum
710 931 733 972 in
747 930 882 983 explanando
897 943 921 973 eo
936 932 991 974 libro
1006 932 1063 982 (soil.
1071 931 1171 984 Dionysii
1178 933 1268 978 rnraoi

556 1004 653 1052 gramm.)
674 999 772 1040 homines
795 1001 932 1052 potissimum
957 1001 1072 1052 Byzantini
1096 1002 1266 1052 desudaverunt¹

555 1071 580 1109 nt
594 1070 678 1109 vastam
687 1068 818 1109 scholiorum
832 1069 962 1122 farraginem
976 1070 1025 1110 rudi
1036 1071 1201 1122 indignataeque
1216 1071 1270 1111 moli

555 1137 613 1177 hand
627 1137 757 1178 dissimilem
771 1137 807 1187 qui
821 1149 945 1189 percurrere
958 1138 1064 1187 voluerit,
1084 1139 1144 1179 filum
1158 1139 1266 1188 quoddam

557 1205 688 1246 Ariadneum
702 1217 742 1246 suo
756 1205 803 1246 iure
816 1205 1002 1257 circumspicitur·

670 1521 837 1616 §LV

236 1702 284 1766 De
306 1701 453 1785 Dionysii
472 1699 609 1768 Thracis
631 1701 863 1786 interpretibus
886 1702 1045 1786 omnibus,
1069 1721 1207 1784 quorum
1230 1701 1273 1770 ud
1351 1717 1353 1721 ’

150 1799 456 1885 nostram‘aetatem
475 1820 884 1904 aliquanotitiapervenit,
907 1822 935 1884 si
958 1822 1030 1903 quis
1052 1820 1147 1904 plene
1160 1827 1202 1895 *et
1223 1841 1273 1884 aa·

152 1945 266 2004 curate
282 1959 377 2022 agere
390 1939 539 2023 voluerit,
554 1961 620 2006 non
634 1941 769 2006 minima
783 1940 941 2023 quaedam
957 1979 995 1986 —
1009 1941 1038 2004 si
1051 1939 1101 2004 dis
1116 1940 1273 2023 placet-

154 2059 185 2122 ei
206 2058 364 2123 historiae
387 2061 672 2141 grammatioorum
694 2081 884 2142 graecorum
906 2081 983 2143 pars
1006 2059 1179 2124 tractanda
1195 2059 1272 2124 erit:

151 2177 318 2242 utilissimi
340 2198 419 2243 sane
441 2197 546 2274 neque
569 2178 737 2243 iniucundi
758 2177 891 2262 laboris,
913 2165 1023 2244 multis
1039 2184 1148 2242 autem
1164 2178 1295 2262 eisque

152 2318 359 2380 nequaquam
376 2296 500 2361 levibus
522 2297 762 2380 impedimentis
784 2296 939 2362 obstricti.
983 2297 1069 2374 Quot
1091 2297 1175 2361 enim
1198 2303 1297 2362 sunt·

151 2437 214 2500 res,
236 2423 314 2499 quot
335 2417 467 2480 nomina
489 2415 694 2500 soriptorum,
718 2437 803 2498 quae
825 2437 865 2480 ne
887 2421 1001 2482 nostra
1019 2416 1149 2498 quidem
1167 2422 1275 2481 aetate

152 2541 384 2618 -postquam
406 2556 465 2618 per
486 2541 538 2599 tot
551 2517 665 2602 'lustra
687 2535 806 2600 innotis
821 2535 942 2600 viribus
965 2543 995 2600 et
1011 2536 1172 2618 prinsipes
1191 2537 1274 2600 artis

62 2641 67 2650 ¹
152 2660 286 2720 nostrae
308 2659 341 2718 et
370 2673 481 2719 eorum
503 2655 633 2720 sectarii
655 2656 689 2717 in
711 2653 772 2718 hoe
795 2654 979 2719 litterarum
1003 2651 1120 2737 genere
1142 2675 1274 2738 operam

153 2773 392 2841 collocaverunt
413 2811 454 2819 —
479 2778 548 2856 ‚aut
577 2773 699 2838 ineerta
726 2773 878 2840 vacillare
907 2779 965 2837 aut
995 2772 1132 2856 obseura
1161 2773 1277 2840 latere‘

153 2893 266 2976 negari
302 2893 414 2976 possit.
470 2892 663 2976 Quanquam
681 2899 788 2982 3=grato
823 2895 931 2959 animo
963 2866 1182 2977 profitendum
1216 2897 1275 2974 est,

153 3012 366 3078 fundamenta
395 3011 555 3094 quaedam
585 3032 687 3095 eaque
713 3011 897 3078 firmissima
925 3013 1012 3078 iacta
1040 3032 1127 3095 esse,
1157 3011 1275 3094 quibus

152 3125 257 3197 innixi
286 3131 416 3215 singula
444 3151 592 3214 quaeque
620 3139 783 3196 exstruere
819 3133 982 3215 perpolire
1010 3131 1175 3197 absolvere
1204 3149 1275 3212 pos-

154 3254 220 3317 sint
236 3252 276 3336 ei,
289 3249 408 3333 quibus
424 3250 505 3314 haec
526 3250 616 3315 cordi
638 3252 714 3334 sint,
727 3287 767 3298 —-
780 3256 818 3315 ut
832 3251 943 3315 futuro
966 3249 1108 3332 quodam
1129 3255 1276 3331 tempore
1355 3287 1357 3298 ,

154 3378 254 3436 totam
283 3369 367 3434 hano
396 3369 601 3452 disciplinam
631 3390 668 3434 eo
705 3391 806 3452 usque
842 3375 1029 3452 provectum
1058 3369 1115 3450 iri,
1148 3389 1212 3450 quo
1240 3369 1275 3432 in

154 3491 271 3555 ceteris
299 3489 447 3582 plurimis
476 3489 540 3553 iam
566 3495 756 3581 perventum
786 3496 852 3574 est,
881 3487 1116 3571 desperandum
1138 3507 1202 3551 non
1223 3489 1274 3551 sit.

155 3608 218 3674 Sed
248 3609 309 3674 hoo
331 3615 366 3672 ut
387 3606 458 3670 fieri
479 3610 600 3691 possit,
631 3614 738 3702 antea
755 3609 936 3692 permultae
959 3607 1052 3689 quasi
1074 3606 1276 3673 latebrarum

153 3728 308 3794 tenebrae
339 3731 465 3792 attenta
488 3726 656 3810 diligentia
682 3733 717 3791 et
738 3727 845 3792 sobrio
875 3725 993 3790 iudioio
1021 3725 1276 3810 perscrutandae

156 3853 267 3934 erunt,
296 3867 380 3930 quae
407 3851 532 3910 tantum
561 3847 654 3914 abest
683 3853 720 3910 ut
749 3847 864 3910 ceteris
894 3845 1030 3909 leuiores
1060 3847 1142 3930 sint,
1171 3851 1209 3910 ut
1235 3866 1275 3908 ne

157 3968 248 4050 ipsae
276 3966 442 4049 neglectae
472 3963 572 4028 etiam
609 3965 794 4048 aprioorum
826 3953 957 4029 illorum
989 3983 1176 4048 camporum
1204 3941 1285 4047 per-¹
1336 3941 1338 3945 ,

156 4087 401 4172 vestigationem
422 4101 551 4166 pessum
573 4084 709 4150 daturae
731 4085 808 4167 sint,
829 4083 1003 4159 verendum
1024 4082 1181 4150 videatur.
1266 4135 1269 4141 .

1057 4186 1071 4244 1
