3002 4614
597 1151 928 1295 spineum.

200 1377 250 1461 ite
279 1379 437 1481 Dionysii
470 1382 706 1481 qnannatica
740 1380 776 1463 et
804 1379 1080 1482 Hephaestionis
1108 1378 1321 1461 enchiridio.

282 1571 457 1656 Dionysius
479 1571 659 1641 Aristarchi
688 1572 867 1657 discipulus
894 1595 971 1638 num
1000 1571 1070 1655 ipse
1092 1573 1323 1656 grammaticae

198 1691 425 1776 compendium
447 1691 630 1778 scripserit,
652 1691 687 1758 iu
709 1714 773 1776 quo
797 1692 1037 1758 commentariis
1059 1690 1252 1758 illustrando
1275 1695 1325 1757 tot

195 1810 385 1896 posterioris
414 1811 485 1876 ueni
514 1810 719 1894 grammatici
748 1804 1016 1895 elaboraverunt,
1054 1811 1141 1876 inter
1174 1810 1323 1878 homines

196 1930 308 1998 doctos
337 1951 455 2014 magne
483 1929 546 1996 fuit
573 1933 807 2016 controversie,
837 1919 1012 2014 postquam
1036 1930 1256 2020 Goettlingius
1286 1931 1321 1998 in

196 2039 298 2134 praet.
322 2049 365 2118 ad
387 2049 507 2134 Theod.
530 2073 561 2135 p.
574 2051 601 2116 V
614 2072 661 2135 sq.
677 2055 864 2136 ,centonem
885 2073 926 2116 ex
947 2051 1064 2133 pennis
1087 2056 1155 2114 tam
1177 2055 1322 2118 veterum

196 2189 294 2254 quam
317 2169 533 2236 recentiorum
559 2171 852 2254 grammaticorum‘
873 2169 1024 2255 Byzantii
1054 2170 1181 2236 demum
1205 2191 1225 2235 a
1246 2191 1321 2254 pro·
1417 2151 1420 2158 ⁵

195 2288 373 2356 fossoribus
410 2289 622 2355 oecumenicis
656 2289 836 2355 confectam
864 2309 933 2356 esse
962 2288 1134 2356 contendit.
1177 2289 1226 2354 De
1257 2307 1323 2372 qua

195 2429 231 2474 re
254 2429 337 2493 quae
361 2408 507 2491 prolatae
530 2415 606 2474 sunt
629 2409 812 2476 sententiae
834 2408 929 2474 valde
957 2409 1044 2472 inter
1067 2427 1100 2472 se
1123 2408 1269 2474 diversas
1292 2415 1323 2474 et

194 2528 334 2593 invicem
363 2526 426 2594 sibi
462 2535 699 2613 repugnantes,
734 2550 788 2594 eas
822 2530 856 2594 in
887 2527 1064 2594 utilissima
1097 2526 1137 2594 de
1165 2527 1321 2611 Dionysio
1422 2581 1425 2584 .

194 2646 321 2712 Thrace
351 2648 640 2735 commentatione,
672 2669 755 2731 quae
776 2647 892 2714 Philet.
916 2651 939 2714 t.
960 2647 1022 2714 VH
1044 2653 1078 2712 et
1098 2646 1177 2714 VIII
1197 2647 1322 2714 inserta

103 2785 104 2788 ’
194 2774 252 2852 est,
275 2765 451 2832 Mauricius
473 2757 671 2834 Schmidtius
693 2767 863 2851 recensuit,
887 2767 1037 2850 quicum
1060 2765 1158 2832 solita
1174 2764 1321 2832 doctrine

195 2887 235 2952 de
256 2886 319 2951 hac
340 2907 375 2952 re
398 2887 600 2972 disputaret,
630 2893 661 2952 et
682 2885 941 2972 argumentaab
972 2885 1044 2952 aliis
1073 2857 1183 2954 nnate'
1202 2885 1320 2952 diiudi-

193 3005 280 3099 cavit
303 3011 336 3070 et
361 3027 447 3074 nova
468 3007 539 3089 ipse
568 2979 683 3072 attulit.
733 3005 765 3071 Is
787 3006 886 3072 talem
906 3004 974 3070 fera
993 3004 1140 3092 Dionysii
1162 3025 1318 3089 gramma-

194 3127 311 3210 ticam,
347 3125 476 3210 qualem
506 3145 592 3190 nunc
629 3124 778 3190 manibus
808 3125 971 3211 terimus,
990 3125 1224 3209 antiquissimis
1254 3125 1320 3192 inm

129 3289 135 3298 ·
194 3243 393 3329 temporibus
416 3245 579 3310 exstitisse
602 3245 791 3328 plenissima
813 3245 1032 3329 disputatione
1053 3242 1168 3310 effecit.
1205 3242 1319 3327 Neque

193 3387 260 3432 non
282 3363 446 3449 persuasit
469 3363 526 3428 ille
541 3362 690 3448 Adolpho
714 3363 839 3446 Hartio,
863 3365 919 3447 qui
941 3383 1045 3448 nuper
1066 3363 1101 3428 in
1124 3362 1236 3428 libello
1258 3362 1318 3448 ,De

193 3485 343 3570 Dionysii
355 3484 489 3550 Thracis
504 3484 737 3568 grammaticae
757 3483 900 3567 epitoma
910 3483 1031 3567 partim
1050 3482 1184 3548 inedita‘
1198 3505 1228 3566 p.
1240 3481 1259 3546 8
1270 3503 1318 3565 sq.

192 3625 268 3670 cum
290 3605 421 3671 omnino
445 3602 625 3670 Schmidtie
648 3619 798 3668 assensus
826 3607 876 3668 est
902 3608 969 3666 turn
991 3601 1053 3666 hoc
1074 3607 1112 3667 ut
1132 3600 1318 3668 firmissimo

192 3747 270 3791 usus
294 3730 344 3790 est
365 3729 566 3808 argumento,
590 3721 678 3806 quud
700 3721 728 3788 si
751 3719 823 3804 quis
839 3721 1003 3804 Apollonii
1023 3697 1202 3788 Herouinni
1223 3721 1317 3788 Nice-

192 3844 282 3911 noris
319 3843 488 3927 relliquias
525 3863 597 3907 cum
628 3839 777 3925 Dionysii
807 3841 1020 3925 grammatica
1052 3841 1317 3926 comparavisset,

193 3962 345 4030 dubitare
358 3967 411 4026 vix
432 3967 553 4046 posset,
576 3961 654 4044 quin
678 3965 755 4025 ante
777 3959 925 4026 homines
940 3960 1010 4028 illos
1028 3963 1122 4046 τέχνη
1139 3959 1319 4045 composita

61 4165 63 4172 s
193 4089 289 4170 esset,
313 4083 433 4170 quippe
448 4101 532 4166 quae
548 4100 600 4146 res
615 4078 656 4146 ab
672 4078 738 4146 illis
753 4083 904 4148 accurate
920 4085 1079 4153 tranenses
1094 4081 1145 4150 nel
1160 4097 1201 4148 ne
1216 4077 1315 4147 attin·
