3002 4614
687 319 1019 408 -50.-⁸

314 491 361 556 Ασ
388 491 530 575 primum
555 465 623 556 'non
651 490 713 556 hoo
742 511 806 558 uno
827 491 899 558 loco
925 493 994 560 elia
1017 479 1234 562 Choerobosci
1257 515 1361 579 opera

229 611 396 687 citantur:
416 631 492 676 nem
514 610 603 694 quod
624 612 658 676 in
680 610 760 697 ipsis
782 612 924 678 Dictatis
946 613 1135 697 saepissime
1157 612 1298 698 legitur:
1324 614 1361 680 ἐν

230 729 276 818 τῷ
301 730 375 815 περὶ
406 726 511 802 τόνων
539 728 800 814 μαθησόμεθα,
836 738 986 814 spectans
1016 731 1058 796 ed
1088 731 1359 819 disputationem,

229 869 313 932 quae
341 849 429 914 inter
451 848 665 916 Onomatioon
688 857 720 916 et
740 850 952 917 Rhematioon
973 851 1168 935 interposita
1189 859 1254 937 est,
1278 854 1357 938 περὶ

229 969 293 1034 τῶν
314 949 359 1033 ἐν’
370 975 444 1044 ταῖς
465 960 612 1036 πτώσεσι
632 966 737 1035 τόνων
758 993 790 1056 p.
813 970 997 1053 397-466,
1025 970 1111 1038 idem
1132 993 1173 1038 ne
1195 971 1263 1038 illic
1284 974 1358 1056 qui·

229 1089 303 1156 dem
326 1089 431 1155 deestz

270 1223 384 1292 Choer.
406 1225 490 1290 Diot.
513 1248 545 1310 p.
565 1226 676 1311 400‚8:
855 1225 960 1292 Schol.
974 1227 1078 1310 Heph.
1094 1251 1126 1312 p.
1143 1227 1252 1313 107,8:
1272 1223 1359 1292 Οὔτε

813 1343 878 1432 γάρ
909 1337 977 1410 εἰσι
999 1341 1148 1433 μακραί,
1175 1347 1301 1435 φησὶν,
1334 1344 1358 1425 ἡ

812 1452 849 1529 αἱ
872 1446 977 1544 καὶ-ἦ
999 1453 1034 1530 ὦ
1058 1461 1257 1554 δίφθογγοι.
1275 1465 1358 1532 ἀλλ’
1390 1433 1399 1448 ⁸

708 1612 710 1615 ·
811 1579 1357 1671 ὠςέντῴπτρὶτόνωνδεί-

227 1699 354 1769 τούτων
397 1701 462 1790 γάρ
505 1703 571 1767 ἐπὶ
616 1701 766 1778 τέλους
818 1725 982 1787 κνατατ,
1012 1695 1116 1769 αὗται
1146 1701 1248 1790 πρὸς
1279 1699 1357 1770 ἕνα

227 1818 361 1888 ον’σῶν
403 1821 619 1900 πολλάκις
661 1845 764 1904 προ·
817 1816 1170 1911 ἥμισα(ν)χρόνον
1200 1820 1357 1910 έχουσι,

227 1937 514 2027 παροξύνεται
563 1939 584 2020 η’
630 1941 764 2028 λέξις,
817 1937 1357 2031 τῆςφύσαιμακρᾶςὸύοέχοά-

225 2049 455 2146 αἶαν”θμηροι
472 2109 550 2142 ...,,
572 2056 685 2140 ἐπειδὴ
709 2058 763 2126 άν-
815 2084 894 2140 σης,
916 2049 1004 2127 ὅθεν
1027 2063 1085 2128 καὶ
1108 2063 1178 2126 ἐπὶ
1200 2061 1356 2140 τέλους

227 2179 260 2244 τὶ
295 2179 410 2261 κοινῆς
440 2181 763 2270 παραλαμβάνονται
796 2167 933 2245 οὖσαι
969 2178 1108 2268 ’έχουσι
1139 2183 1353 2260 πολλάκις

227 2303 290 2393 nat(
337 2301 436 2388 πρὸς
486 2296 561 2366 ἕνα
604 2295 763 2384 ἥμισυν
815 2297 1354 2387 τάνπροπαροξύτονοντό-

220 2419 380 2508 χρόνον
409 2417 567 2510 έχουσι.
812 2443 886 2486 νον.
931 2419 1028 2502 (Nem
1045 2419 1168 2508 χρόνον
1191 2429 1269 2488 ante
1293 2425 1352 2504 τῆς

811 2539 913 2628 φύσει
935 2541 1108 2608 delendum
1130 2547 1203 2624 est).

307 2664 399 2728 ,Haeo
428 2662 485 2746 qui
515 2667 633 2727 attente
662 2661 786 2746 legerit,
817 2681 1017 2726 communem
1046 2659 1173 2728 habere·
1193 2664 1355 2748 originem

225 2804 291 2848 non
313 2781 513 2850 infitiabitur.
557 2779 621 2846 Sed
649 2781 750 2847 etiam
780 2781 868 2846 aliud
889 2782 965 2847 inde
987 2764 1114 2847 'videtur
1136 2781 1217 2847 disci
1238 2805 1355 2868 posse3

224 2923 359 2987 neque
381 2905 488 2969 enim
509 2904 644 2986 ipsum
664 2900 1001 2969 Choerobosoum
1023 2901 1063 2966 in
1087 2901 1354 2988 schol.Heph.

223 3023 420 3108 legimuS,
449 3007 532 3089 sedv
550 3024 679 3088 alium
707 3022 910 3105 quendam
932 3023 1005 3106 qui
1026 3021 1145 3087 illum
1167 3022 1354 3108 exscrip-

175 3156 186 3167 ·
224 3143 294 3234 eit:
332 3151 533 3228 quapropter
564 3150 649 3208 reete
685 3163 719 3207 se
750 3140 850 3206 habet
882 3137 990 3228 φησίν
1008 3141 1109 3224 Jquod
1139 3141 1278 3208 edicitur
1309 3141 1354 3210 eb

225 3267 341 3349 altero‚'
363 3265 390 3329 si
413 3270 501 3330 reete
523 3264 559 3329 id
579 3262 731 3347 explices,
754 3261 995 3347 nequeJulium
1007 3261 1179 3329 Caesarem
1201 3263 1352 3345 sequaris

223 3392 345 3451 temere
367 3383 467 3471 φύσει
491 3383 703 3449 conicientem
726 3383 761 3447 in
783 3382 907 3450 emend.
930 3382 1035 3468 Heph.
1057 3405 1088 3467 p.
1111 3381 1188 3468 X.*)

290 3590 315 3658 ⁴)
334 3591 416 3650 Quod
433 3597 524 3645 eutem
542 3595 622 3660 φησίν
640 3569 749 3644 defendi
771 3605 849 3659 posse
869 3586 999 3652 coneedit,
1021 3587 1054 3653 ,si
1071 3593 1219 3641 statuamus
1237 3587 1353 3642 scholia-

223 3683 292 3732 stem
314 3677 371 3748 ipsa
394 3675 507 3732 technici
531 3693 611 3748 quem
634 3682 728 3747 postea
751 3674 816 3730 dicit
833 3675 916 3730 verbe
934 3691 948 3727 e
969 3671 1070 3726 maiore
1089 3673 1158 3744 libio
1177 3671 1293 3727 deducta
1311 3674 1352 3728 af-

223 3763 313 3829 ferre,‘
332 3781 366 3817 ne
384 3763 434 3817 hoe
452 3762 561 3834 quidem
577 3761 741 3816 laudandum
760 3769 814 3827 est3
834 3777 897 3815 nem
915 3758 1060 3826 ὁτεχνικός
1073 3777 1100 3830 p.
1111 3760 1166 3824 107,
1174 3763 1205 3813 13
1216 3759 1352 3830 adipsum

221 3849 451 3922 Hephaestionem
473 3857 591 3920 spectat,
619 3847 666 3920 qui
688 3848 745 3902 iure
769 3847 867 3902 dieitur
890 3849 1094 3918 παραδείγματα
1118 3848 1159 3900 ἰπὶ
1182 3850 1229 3910 τῆς
1253 3866 1281 3901 οι
1300 3847 1352 3918 [sio

221 3932 365 4008 legendum
381 3927 474 4008 'neque
492 3935 530 4006 οι]
553 3932 706 4004 διφθόμγον
731 3935 836 4001 efferre,
858 3935 1049 4006 sedquoniam
1067 3931 1119 3988 alia
1136 3929 1213 3986 illae
1233 3931 1351 3986 Ohoero-

223 4023 298 4079 botei
315 4021 385 4076 libro
403 4022 544 4094 desumpta
561 4039 619 4076 esse
637 4029 740 4076 eertum
757 4021 878 4088 videtur,
900 4021 982 4078 etiam
999 4026 1080 4091 φησιν
1097 4019 1132 4073 ad
1150 4036 1211 4071 eum
1229 4024 1350 4088 spectare

225 4127 313 4180 neque
332 4108 367 4162 ad
384 4107 613 4180 Hephaestionem
631 4108 801 4163 menifestum
819 4115 867 4164 est.
