3002 4614
499 311 832 423 s-so-

168 527 265 605 Quod
286 532 322 592 ut
342 526 484 593 breviter
505 527 678 612 illustrem,
701 529 727 592 Α
744 529 852 614 ipsum
869 529 1087 614 fragmentum
1098 532 1183 616 dice,
1201 534 1299 618 quale

165 646 317 713 omnibus
355 647 448 712 libris
484 647 653 714 materiam
688 648 842 730 praebuit
877 650 1017 734 augendi
1056 653 1299 735 interpretandi

165 765 375 850 illustrandi,
404 767 431 832 B
462 767 605 833 codicem
636 769 737 852 saib,
767 767 795 831 D
826 769 975 852 Dionysii
1003 771 1234 856 interpretem,
1271 773 1297 838 F

164 887 308 951 alterum
335 885 588 969 Hephaestionis
620 885 841 970 scholiastam,
872 885 900 952 G
929 890 1128 975 Draconem,
1160 889 1185 955 0
1214 891 1297 956 etE
1350 971 1352 979 Α

166 1006 309 1088 denique
344 1003 446 1070 libros
484 1005 640 1088 quosdam
677 1025 763 1072 nunc
794 1005 987 1089 deperditos.
1038 1008 1100 1086 Qui
1136 1011 1296 1091 quomodo

165 1127 254 1191 inter
277 1145 311 1190 se
336 1124 542 1210 cohaereant,
563 1125 626 1191 hac
647 1125 713 1192 iam
734 1126 874 1211 imagine
895 1125 1053 1193 illustrari
1075 1133 1197 1210 potest:

167 1961 293 2026 Totum
326 1956 482 2024 exhibent
510 1958 724 2042 fragmentum
754 1959 781 2022 Α
803 1957 830 2022 Β
854 1959 878 2024 O
899 1960 946 2041 D3
984 1959 1142 2027 nonnulla
1170 1961 1299 2028 addidit

167 2079 202 2165 C,
224 2081 323 2164 plura
344 2079 391 2161 D3
422 2079 609 2143 mutilatum
632 2083 682 2144 est
704 2079 739 2143 in
760 2077 798 2159 E,
828 2080 915 2144 unde
938 2101 998 2144 sua
1020 2085 1053 2145 et
1074 2079 1101 2145 F
1123 2086 1157 2146 et
1179 2079 1208 2147 G
1229 2105 1298 2148 mu·

165 2201 252 2265 tuati
283 2203 378 2282 sunt,
417 2215 553 2281 quorum
587 2202 725 2280 uterque
757 2199 914 2263 nonnulla
943 2199 1058 2265 melius
1087 2221 1187 2284 quam
1216 2201 1298 2268 alter

166 2319 327 2402 servavit,
359 2337 547 2402 quanquam
574 2318 608 2382 in
630 2317 795 2400 plerisque
825 2317 922 2382 rebus
946 2319 1160 2384 consentiunt.
1205 2319 1299 2398 Quod
1382 2356 1387 2378 1

165 2445 206 2505 ut
226 2439 282 2504 via
305 2459 345 2504 ac
366 2438 494 2503 ratione
517 2437 769 2518 demonstretur,
792 2409 934 2519 primum
956 2438 995 2504 de
1012 2438 1149 2522 singulis
1166 2438 1296 2522 quibus-

167 2579 233 2643 que
253 2557 305 2622 vel
334 2557 492 2622 rimandis
521 2556 572 2621 vel
603 2554 813 2622 emendandis
842 2561 913 2621 tum
943 2557 981 2622 de
1010 2562 1078 2623 toto
1108 2565 1298 2642 argumento

167 2678 402 2761 disputandum
424 2678 494 2742 erit.

256 2799 284 2860 1.
307 2797 353 2862 Ac
375 2797 516 2880 primum
538 2797 564 2862 F
587 2801 620 2860 et
644 2796 672 2861 G
695 2795 737 2860 ad
763 2795 909 2862 litteram
936 2794 1004 2860 1111
1033 2800 1218 2863 consentire
1240 2819 1300 2881 per

169 2939 203 2982 se
226 2922 336 3000 patet;
370 2937 475 2999 neque
497 2921 607 2981 tamen
629 2913 839 2980 Westlahlius
863 2914 883 2978 l.
905 2937 929 2980 s.
953 2937 977 2979 s.
1000 2922 1086 2981 recte
1109 2916 1190 2982 dixit
1212 2916 1296 2982 nihil

168 3036 439 3108 dissimilitudinis
454 3034 664 3119 intercedere,
687 3034 744 3117 qui
767 3034 866 3098 etiam
888 3035 1036 3118 graviore
1056 3056 1165 3101 errore
1188 3036 1296 3120 impli-

169 3161 262 3222 catus
284 3174 315 3238 p.
338 3155 402 3220 200
422 3154 504 3220 haec
525 3156 650 3238 posuit:
694 3154 747 3239 ,So
769 3151 966 3218 riicksichts·
988 3154 1057 3219 und
1078 3130 1299 3238 gedanhenlos

171 3276 245 3358 (hat
257 3275 364 3341 Draco
383 3273 660 3359 abgeschrieben),
677 3272 752 3338 dass
775 3293 810 3336 11
833 3272 895 3336 den
918 3273 977 3339 aul
989 3272 1213 3359 Hephaestion
1229 3273 1298 3339 sich

171 3394 391 3460 beaichenden
414 3393 506 3458 Sata:
540 3393 636 3474 Τρεῖς
659 3393 695 3458 δὲ
726 3392 813 3474 λέγει
837 3391 1094 3478 παραφυλακοὶς
1117 3389 1203 3479 ἔχειν
1226 3395 1298 3462 κτλ.

171 3513 387 3599 aussohreibt,
411 3513 495 3579 ohne
518 3512 571 3578 ein
593 3517 683 3577 Wort
705 3533 745 3576 zu
765 3489 956 3597 verdndern,
979 3511 1107 3578 obwohl
1130 3487 1188 3578 das
1211 3513 1301 3599 λέγει
1345 3596 1348 3602 ¹

170 3635 213 3698 im
228 3633 530 3718 Zusammenhange
554 3631 609 3696 des
625 3631 731 3696 Draco
753 3629 853 3715 udllig
874 3632 1106 3716 unverstandig
1127 3634 1195 3698 und
1212 3636 1299 3699 sinn-

169 3754 217 3819 los
247 3754 312 3818 ist!
355 3754 553 3838 Magnopere
590 3753 625 3818 in
661 3758 803 3837 utraque
839 3771 875 3817 11
907 3752 1040 3827 erravit3
1075 3771 1183 3835 neque
1214 3754 1300 3819 enim
1367 3731 1371 3738 ¹

169 3873 275 3938 Draco
304 3895 336 3958 p.
358 3874 389 3958 5,
414 3874 453 3937 17
477 3871 565 3954 λέγει
603 3873 735 3957 scripsit
768 3873 825 3938 sed
857 3871 973 3957 θέλει,
1013 3861 1119 3955 neque
1146 3859 1191 3938 id
1211 3874 1299 3956 quod

169 3991 301 4076 scripsit
329 3993 478 4077 ineptum
507 4000 570 4077 est,
607 4015 680 4058 cum
716 4013 755 4058 ex
783 3993 831 4059 eis
860 4012 945 4076 quae
977 3989 1191 4058 antecedunt:
1229 3969 1334 4088 m&

171 4110 301 4200 πρῶτός
322 4111 392 4176 ἐστι
420 4108 672 4199 retinuerim
694 4110 757 4192 τήν
777 4110 917 4198 μακράν
939 4103 988 4189 εἰς
1008 4118 1167 4203 βραχεῖαν
1188 4113 1299 4177 κατά-
