3002 4614
476 345 824 412 „-83-

156 545 254 609 quem
282 525 447 606 postremo
474 520 546 586 loco
574 517 671 604 posui
700 514 850 603 Dionysii
878 536 1020 583 errorem
1043 513 1158 582 acerba
1186 514 1281 580 casti·

158 645 245 729 gavit
267 641 447 708 scholiasta
467 657 498 723 p.
510 638 638 724 827‚26.
687 635 795 714 Quid?
819 636 908 720 quod
929 637 1001 719 ipsa
1022 635 1121 701 verba
1135 635 1283 742 Hephae-

158 763 273 829 stionis
288 767 326 827 ut
333 759 483 846 Dionysii
496 757 681 844 praeceptis
696 747 913 841 praeferenda
922 755 1156 839 scholiastaep.
1167 757 1284 842 827,Ιὸ

159 883 418 967 descripserunt3
440 876 480 942 cf.
495 876 600 964 Heph.
622 896 654 961 p.
671 876 702 962 9,
717 876 765 940 14.
789 874 912 953 Quibus
933 874 1030 942 rebus
1052 876 1220 961 perpensis
1243 897 1284 941 ne

158 1023 231 1068 eum
249 999 399 1085 quidem,
422 998 479 1082 qui
502 998 541 1064 de
557 997 671 1062 ceteris
693 995 840 1061 dubitare
862 994 953 1062 malit
960 1045 969 1079 ,
999 994 1061 1061 hoc
1089 1001 1284 1080 negaturum

158 1142 227 1188 esse
256 1118 457 1206 putaverim,
500 1115 679 1202 Dionysii
720 1115 977 1200 interpretes
1018 1114 1061 1181 in
1096 1116 1284 1201 Hephae·
1317 1131 1322 1137 ’

159 1239 312 1308 stionis
335 1235 571 1304 enchiridio
593 1233 849 1300 emendatam
870 1235 1283 1322 multisqueymaculis
1369 1209 1370 1214 ἵ

158 1364 377 1447 purgatam
397 1355 590 1442 Dionysii
612 1354 836 1420 doctrinam
865 1353 1178 1438 deprehendere
1206 1355 1285 1422 sibi

157 1481 269 1546 visos
292 1498 401 1562 esse,
433 1474 522 1560 quod
543 1481 631 1540 certe
652 1474 742 1540 haud
762 1475 832 1565 leve
854 1480 906 1540 est
926 1481 1163 1560 argumentum.

242 1598 332 1664 Haec
354 1597 451 1672 etiam
472 1599 653 1680 causaest,
675 1614 733 1662 cur
755 1592 816 1659 sub
837 1592 934 1659 finem
955 1615 986 1678 p.
998 1593 1115 1680 83529
1135 1594 1285 1679 Dionysii

158 1717 338 1786 scholiasta
374 1714 415 1782 de
449 1713 683 1800 synecphonesi
718 1719 752 1780 et
782 1713 980 1799 synaloephe
1010 1714 1169 1781 nonnulla
1198 1716 1284 1782 subi-

158 1835 275 1904 cienda
296 1835 444 1920 duxerit,
475 1854 663 1919 quanquam
684 1839 832 1900 tacuerat
857 1833 897 1900 de
920 1833 967 1899 eis
987 1834 1179 1920 Dionysius3
1208 1856 1285 1901 nam

163 1959 198 2024 in
221 1955 393 2022 enchiridii
414 1977 444 2040 p.
459 1954 500 2018 10
522 1973 571 2037 aa,
593 1951 712 2037 quibus
733 1953 934 2038 respondent
948 1954 1176 2039 grammaticae
1189 1951 1241 2045 ἐξ
1253 1957 1284 2022 9.

159 2078 211 2143 10.
238 2077 293 2158 11,
324 2095 400 2140 mox
429 2063 551 2159 excipit
573 2072 613 2138 de
635 2079 790 2156 quattuor
811 2075 1090 2161 συνεκφωνήσεως
1111 2074 1285 2160 generibus

25 2245 26 2248 ,
158 2197 265 2263 brevis
295 2193 488 2279 disputatio,
518 2213 616 2276 quem
640 2189 734 2258 haud
762 2197 851 2258 recte
880 2194 911 2259 ei
932 2193 1107 2279 Dionysius
1137 2193 1285 2270 omisisse

159 2317 246 2382 visus
268 2320 323 2380 est.

242 2435 333 2500 Haec
356 2432 465 2500 omnia
486 2431 695 2500 considerans
717 2431 826 2498 facere
847 2452 1067 2518 nonpossum,
1085 2435 1166 2519 quin
1188 2442 1285 2502 ante

162 2553 518 2640 hephaestionem
552 2551 748 2637 Dionysii
782 2524 1105 2638 ‘grammaticam
1141 2555 1286 2623 condi·

161 2678 241 2740 tam
272 2693 361 2738 esse
390 2669 588 2738 arbitrer.
1222 2655 1223 2658 ¹
