3002 4614
655 303 870 400 ’.46-

197 505 286 573 stula
313 506 371 572 illa
398 526 464 572 uon
494 525 533 570 ex
562 503 634 588 ipso
663 505 698 571 in
726 505 917 590 Dionysium
940 507 1189 592 commentario,
1218 509 1277 574 sed
1307 495 1325 575 e

197 625 416 712 peculiaribus
445 623 639 708 quibusdam
668 625 995 690 commentationibus
1024 629 1062 690 de
1091 626 1230 710 singulis
1253 649 1326 692 ora-

197 746 296 812 tionis
318 745 468 830 partibus
491 744 683 828 conscriptis
711 743 843 810 fluxisse
869 751 1059 810 statuamus.
1103 743 1206 822 Quam
1229 766 1326 831 expe-

197 864 308 931 diendi
329 866 415 930 viam
438 861 485 928 'ne
513 868 587 950 tum
612 836 744 946 quidem
771 863 852 928 mihi
881 865 1030 929 arrisisse
1051 863 1218 947 profiteor,
1250 885 1326 930 cum

197 985 231 1051 id
254 983 343 1068 quod
372 983 412 1048 de
433 982 611 1050 Heliodoro
641 982 709 1048 dixi
738 983 882 1049 nondum
911 984 981 1066 ipse
1004 982 1326 1067 animadvertissem

197 1103 255 1170 sed
284 1104 456 1187 quominus
486 1103 668 1172 sententiae
690 1079 754 1187 per
769 1123 805 1167 se
827 1103 907 1168 satis
929 1102 1138 1185 improbabili
1160 1104 1325 1189 accedam,

198 1244 236 1290 ec
264 1224 405 1288 maxime
432 1222 623 1306 prohibeor,
660 1222 750 1305 quod
779 1227 898 1305 quarto
928 1220 999 1287 loco
1033 1243 1117 1286 rem
1146 1243 1326 1306 prorsus

197 1344 460 1415 contrariam
482 1343 524 1407 iu
545 1349 727 1424 utroque
749 1341 857 1406 libro
880 1346 1048 1406 exstare
1070 1341 1325 1424 nequeHartius

197 1462 329 1546 negavit
361 1482 467 1544 neque
497 1462 611 1544 negari
639 1465 755 1544 potest.
798 1460 917 1545 Agitur
947 1461 1033 1525 enim
1065 1459 1105 1525 de
1133 1457 1326 1544 μεσότητος

196 1577 406 1671 11111ρῤ111111,
430 1581 470 1646 de
491 1580 610 1664 quibus
633 1579 724 1647 aliud
739 1601 759 1645 a
773 1579 997 1647 Choerobosco
1011 1569 1176 1665 adscripto
1192 1582 1325 1647 nomine

197 1702 233 1767 in
253 1701 374 1766 Anecd.
395 1722 425 1784 p.
442 1700 558 1780 940‚23
580 1720 628 1783 sq.
658 1699 751 1767 aliud
781 1700 930 1766 doctriua
958 1700 1086 1784 vulgari
1099 1674 1326 1785 ¹praeceptum

197 1840 267 1886 esse
288 1819 324 1883 in
346 1815 424 1908 §11
437 1817 518 1884 dixi.
548 1818 656 1903 Atque
679 1821 714 1886 in
735 1819 798 1884 hac
819 1821 892 1905 ipsa
914 1836 949 1884 re
970 1841 1036 1886 non
1052 1818 1327 1905 Choeroboscum,

197 1939 256 2006 sed
283 1915 409 2005 ceteros
440 1940 586 2022 sequitur
615 1941 659 2022 is,
696 1938 736 2004 de
766 1961 830 2023 quo
860 1941 984 2024 agimus
1011 1961 1041 2024 p.
1065 1940 1183 2024 939,20
1213 1959 1263 2023 sq.
1293 1945 1327 2004 11

198 2060 350 2145 941,9sq.
381 2057 484 2136 Quam
505 2057 730 2124 difficultatem
742 2057 879 2124 Hartius
900 2080 966 2125 non
987 2057 1136 2142 removit,
1158 2080 1232 2124 cum
1255 2079 1328 2125 sen-

197 2181 317 2246 tentiae
347 2197 424 2244 suae
447 2196 505 2261 per
528 2197 562 2243 11
584 2197 650 2243 non
671 2177 765 2243 valde
788 2177 952 2263 probabili
979 2179 1081 2246 etiam
1101 2178 1165 2244 hoc
1185 2179 1325 2246 uecessi-

197 2307 262 2366 tate
298 2306 426 2364 coactus
455 2297 607 2383 adderet,
645 2297 905 2364 Choerobosoum
934 2299 1038 2365 altero
1067 2287 1232 2364 loco'sibi
1246 2299 1329 2383 -ipsi

198 2413 440 2485 contradixisse.
485 2418 579 2496 Quod
600 2417 775 2502 crederem,
797 2419 825 2483 si
848 2416 936 2482 aliud
957 2417 1041 2483 nihil
1062 2417 1215 2500 relictum
1228 2424 1325 2503 esset,

197 2559 285 2604 nunc
321 2558 397 2603 vero
430 2536 571 2623 infitior,
608 2539 764 2620 qnoniam
801 2536 905 2603 multo
944 2537 1060 2602 melior
1099 2541 1190 2621 patet
1222 2537 1326 2621 expli-

198 2658 376 2726 cardinia.
424 2711 429 2722 ,
639 2661 640 2665 ’

282 2778 427 2843 Breviter
450 2777 538 2860 quod
567 2776 673 2843 sentio
694 2777 809 2842 dicam.
853 2773 971 2840 Vixit
998 2776 1090 2858 ille,
1120 2776 1187 2841 sire
1214 2773 1325 2841 Helio·

199 2897 297 2965 dorus
312 2899 379 2962 sive
394 2896 460 2960 alio
475 2895 605 2960 nomine
618 2896 854 2982 appellabatur,
877 2901 973 2980 post
988 2893 1324 2980 Choerobosoum,

198 3017 319 3084 cuius
347 3015 502 3082 librum
529 3019 694 3083 tantum
715 3037 796 3082 uon
818 3035 972 3081 omnem
994 3016 1035 3081 in
1057 3034 1173 3080 suum
1193 3018 1324 3079 trans·

198 3137 317 3219 tulit3
339 3135 452 3218 itaque
473 3136 630 3200 nonnulla
652 3133 910 3200 aChoerobosoo
932 3140 1020 3198 recte
1036 3133 1125 3199 dicta
1139 3132 1325 3216 descripsit,

199 3277 387 3341 quanquam
419 3255 461 3321 ad
493 3255 584 3321 illum
620 3259 749 3320 tantum
783 3254 990 3341 spectabant,
1009 3331 1011 3336 Ι
1028 3254 1094 3319 alia
1126 3246 1251 3320 autem¹
1267 3251 1324 3317 sd-

117 3366 123 3372 ’
198 3377 299 3461 didit,
321 3397 406 3460 quae
423 3397 443 3442 a
460 3374 683 3442 Choerobosco
699 3373 846 3459 profecta
862 3395 931 3439 1111
947 3368 1012 3439 nou
1031 3379 1172 3458 possent.
1216 3373 1324 3440 Huius

198 3496 326 3582 generis
356 3502 422 3580 est,
460 3495 549 3579 quod
579 3495 619 3561 de
656 3492 843 3579 μεσότητος
877 3493 1037 3558 adverbiis
1066 3493 1191 3578 legisti,
1224 3492 1324 3558 huius

200 3617 301 3683 etiam
325 3653 355 3664 -
385 3616 421 3681 id
442 3615 530 3699 quod
551 3614 778 3699 gravissimum
799 3620 850 3679 est
871 3653 912 3662 -—
935 3613 1023 3696 quod
1044 3614 1178 3696 ipsius
1200 3609 1323 3677 Choe-

200 3735 369 3801 robosoi
390 3734 643 3802 Heliodorus
667 3733 913 3802 mentionem
943 3733 1056 3798 fecit.
1099 3732 1213 3827 Neque
1235 3733 1323 3828 enim

200 3855 295 3924 aliter
324 3862 398 3938 apte
435 3855 590 3939 explicari
617 3861 741 3940 potest,
776 3852 865 3938 quod
891 3854 926 3918 111
956 3853 1075 3918 Anecd.
1105 3874 1136 3936 p.
1155 3851 1249 3935 883st
1281 3851 1333 3916 de'

200 3975 332 4043 scholiis
360 3977 394 4039 in
417 3974 623 4058 Apollonium
651 3976 759 4059 ipsum
787 3974 917 4058 scriptis
946 3972 1074 4037 dicitur.
1117 3950 1325 4056 Vituperavit

200 4095 395 4164 Heliodorus
422 4093 571 4180 Dionysii
598 4094 689 4160 verbi
717 4094 955 4177 definitionem,
991 4091 1044 4157 cui
1071 4090 1323 4174 Apollonianam
