3002 4614
650 303 860 368 ..74-

197 475 408 560 Antiocheni,
444 496 583 560 quornm
615 475 643 542 si
670 474 763 540 libris
786 473 1030 541 Choeroboscns
1051 495 1130 541 usus
1151 481 1221 566 cst,
1247 482 1328 560 post

198 596 329 664 initium
351 594 473 662 saeculi
495 594 579 660 sexti
600 595 663 660 hoc
687 599 809 662 tactum
831 615 900 660 esse
922 599 1059 661 constat.

281 714 346 782 Sed
373 716 439 781 iam
469 714 512 782 ad
530 714 743 799 ‘Stephanum
772 721 931 797 revertor,
969 733 1065 797 quem
1103 713 1190 780 circa
1220 736 1326 781 annos

196 834 366 900 610-649
387 833 505 899 vixisse
527 835 727 918 argumentis
749 833 843 900 docte
865 833 1108 918 prudenterque
1131 834 1327 918 conquisitis

194 953 371 1020 Mauricius
405 951 602 1020 Sohmidtius
635 953 671 1018 in
702 953 819 1020 Philol.
857 959 881 1020 t.
912 951 991 1020 VIII
1024 973 1055 1037 p.
1078 953 1139 1020 251
1178 954 1327 1021 evincere

195 1072 331 1140 studuit.
375 1072 559 1154 Stephanus
596 1074 682 1140 enirn
721 1095 794 1138 cum
822 1096 854 1159 p.
877 1072 993 1158 872,OE
1025 1073 1107 1138 haec
1141 1074 1326 1157 scripserit:

195 1193 306 1268 Ποῖος
319 1191 506 1284 Στέφανος
515 1217 532 1270 ,
557 1189 575 1260 ὁ
599 1186 724 1278 ἰατρός,
747 1191 923 1260 Schmidtio
946 1192 988 1258 ab
1010 1193 1073 1259 alio
1095 1193 1248 1277 quodam,
1271 1195 1326 1261 cui

195 1312 283 1380 idem
305 1318 391 1380 esset
412 1334 540 1394 nomeu,
564 1314 685 1397 quique
708 1333 746 1378 co
768 1317 914 1396 tempore
936 1311 1044 1378 clarus
1066 1313 1210 1379 medicus
1225 1312 1325 1378 habe-

196 1437 304 1517 ratnr,
338 1454 373 1498 se
403 1432 590 1498 distinxisse
618 1432 760 1509 ridetur3
793 1431 881 1500 hunc
911 1439 1018 1500 autem
1045 1431 1206 1500 medicum
1234 1434 1327 1498 intra

196 1573 299 1620 anuos
330 1552 394 1618 610
421 1557 454 1618 et
481 1551 545 1618 640
575 1550 724 1618 floruisse
756 1551 883 1638 docuit,
919 1557 957 1618 ut
994 1553 1092 1620 ctiam
1121 1549 1326 1637 Stephanum

196 1673 321 1756 primae
344 1672 465 1737 saeculi
494 1671 624 1755 septimi
653 1671 742 1755 parti
770 1669 979 1737 tribuendum
1001 1691 1072 1737 esse
1093 1669 1326 1756 probabilitate

195 1813 402 1877 naquaquam
438 1797 554 1857 careat.
598 1790 667 1880 Iam
700 1811 776 1856 vero
809 1792 837 1858 si
872 1796 960 1856 recte
993 1809 1093 1874 supra
1130 1792 1326 1858 coniecimus

194 1912 399 1997 Stephanum
431 1909 648 1976 Choerobosci
675 1910 775 1977 libros
800 1912 835 1976 in
863 1932 939 1978 suos
967 1910 1192 1995 transtulisse,
1206 1942 1210 1958 x
1223 1910 1327 1992 ipsius

195 2029 413 2098 Choerobcsci
439 2035 579 2096 aetatem
605 2031 692 2095 inter
714 2036 828 2104 *certos
856 2029 954 2096 hosce
975 2029 1056 2096 fines
1078 2029 1201 2096 versari
1222 2030 1326 2094 mani·

196 2149 317 2218 festum
346 2154 413 2232 est3
448 2126 524 2216 nam
552 2150 581 2217 si
607 2171 686 2215 usus
708 2155 758 2214 est
788 2150 1000 2233 scriptoribus
1029 2148 1174 2214 ineuntis
1203 2149 1327 2214 saeculi

199 2270 300 2355 sexti,
330 2275 446 2337 contra
474 2271 509 2334 in
536 2290 629 2336 usum
656 2269 726 2354 ipse
755 2276 888 2334 vocatus
919 2275 969 2336 est
997 2267 1254 2355 ascriptoribus
1276 2269 1326 2335 in·

197 2390 302 2456 cuntis
324 2389 446 2455 saeculi
469 2389 610 2474 septimi,
640 2389 705 2455 iarn
728 2389 834 2454 altera
855 2388 976 2454 saeculi
995 2388 1080 2456 sexti
1100 2393 1197 2474 parte
1219 2389 1328 2472 ipsum
1412 2419 1419 2426 ·

201 2513 343 2574 aetatem
366 2508 493 2594 degisse
515 2513 665 2594 apertum
687 2514 744 2574 est.

284 2627 477 2695 Sedunum
509 2634 681 2713 praeterea
708 2629 905 2694 monendum
933 2649 1004 2696 esse
1031 2626 1134 2696 video.
1177 2627 1327 2694 Fuerunt

89 2837 91 2842 ι
199 2747 256 2832 qui
278 2747 478 2834 Stephanum
499 2749 647 2835 Dionysii
677 2749 890 2833 interpretem
919 2754 953 2814 et
981 2747 1183 2832 Stephanum
1213 2747 1327 2814 ethno-

197 2867 361 2952 graphum
383 2867 521 2934 eundern
547 2867 647 2934 fuisse
668 2873 841 2953 putarent,
872 2873 910 2933 ut
931 2866 968 2934 0.
992 2865 1208 2934 Schneiderus
1231 2868 1326 2952 ,Zeit-

198 2985 315 3054 scbrift
333 2987 389 3053 fiir
411 2986 808 3054 Alarthumswissensohf
830 3009 859 3052 a.
877 2987 958 3052 1849
973 2987 1076 3072 paee
1098 2995 1130 3054 et
1148 2985 1327 3052 Mauricius

197 3105 398 3174 Sohmidtius
419 3109 439 3174 l.
463 3128 551 3193 s.=s.,
581 3107 638 3191 qui
666 3108 765 3174 ctiam
799 3105 1060 3191 ethnographum
1097 3112 1131 3175 et
1166 3105 1328 3174 medicum

195 3249 297 3294 unum
324 3226 425 3296 fuisse
450 3227 628 3310 hominem,
659 3226 806 3310 quamvis
828 3232 1028 3310 cunctanter,
1050 3223 1247 3296 Schneidero
1277 3247 1328 3292 as·

198 3367 312 3416 sensus
348 3354 403 3414 est.
461 3347 523 3414 Sed
564 3345 658 3412 valde
694 3345 852 3414 lubricam
885 3365 956 3412 esse
988 3343 1074 3412 hanc
1110 3345 1328 3412 coniecturam

196 3473 303 3552 patet,
333 3486 406 3534 cum
427 3465 528 3532 firmis
552 3487 590 3531 ac
612 3466 708 3532 certis
729 3467 933 3550 argumentis
959 3465 1066 3532 minus
1096 3465 1160 3532 niti
1180 3464 1328 3532 videatur

174 3608 299 3672 ¹quam
328 3587 495 3653 nominum
517 3585 607 3652 haud
636 3586 866 3652 inusitatorum
889 3583 1118 3669 similitudine,
1149 3605 1233 3669 quac
1263 3584 1328 3652 ior-

198 3705 285 3772 tuita
317 3727 387 3774 esse
422 3711 540 3791 potest.
592 3704 687 3772 Serta
722 3725 829 3788 neque
863 3706 902 3772 de
938 3705 1143 3789 Melampode
1172 3707 1222 3772 uel
1250 3703 1327 3772 Dio-

197 3823 290 3892 mede
321 3845 428 3909 ncque
459 3827 498 3892 de
521 3825 697 3892 Heliodoro
727 3841 833 3909 neque
864 3824 904 3890 de
925 3823 1106 3910 Porphyrio
1129 3823 1186 3908 qui
1208 3823 1329 3892 dicitur

200 3943 311 4032 (quem
327 3944 532 4012 Platonicum
554 3945 654 4013 fuisse
677 3967 844 4030 nunquam
858 3944 1000 4026 credam)
1024 3944 1156 4012 aliunde
1173 3943 1329 4012 certiores

198 4063 309 4148 fimus,
343 4071 380 4134 ut
409 4067 610 4157 Stephanum
639 4071 771 4150 propter
802 4083 926 4134 meram
953 4065 1121 4132 nominum
1149 4063 1327 4130 communi-
