3002 4614
599 322 810 388 „21-

667 579 745 668 sc.

229 731 296 796 Iam
318 753 392 798 vero
414 730 738 816 circumspiciendum
760 736 821 816 est,
843 731 1002 815 nnmqnid
1022 731 1057 798 in
1072 731 1147 799 aliis
1170 733 1270 800 etiam

141 850 378 936 paragraphis,
416 851 512 934 quod·
537 851 604 916 illis
641 851 747 917 simile
776 851 837 936 sit,
873 850 1009 934 reperiri
1038 852 1151 936 possit.
1199 851 1271 930 Qua

141 973 234 1036 inre
257 971 349 1036 aliud
370 969 450 1036 mihi
477 991 590 1036 ansam
619 971 775 1055 praebere
797 970 908 1053 rideo,
939 989 1004 1052 quo
1033 975 1071 1036 uh
1093 944 1270 1038 certissimo

139 1089 357 1175 investigandi
387 1096 420 1156 et
440 1089 667 1174 perscrutandi
688 1090 907 1157 instrumento
925 1111 1004 1156 usus
1026 1089 1181 1156 audacius
1204 1090 1270 1158 iam

140 1211 258 1296 pedem
284 1207 430 1294 proferre
452 1211 583 1294 possim.
627 1209 826 1275 Felicissime
855 1210 941 1275 enim
970 1209 1130 1292 contingit
1137 1259 1147 1293 ,
1176 1215 1215 1274 ut
1235 1209 1270 1274 in

140 1331 217 1396 aliis
240 1329 406 1395 nonnullis
428 1328 645 1413 paragraphis
668 1329 800 1396 easdem
822 1349 884 1416 res,
907 1328 1045 1412 quasin
1070 1329 1138 1394 1.3.
1150 1329 1179 1395 4.
1195 1327 1225 1392 5.
1240 1329 1268 1393 7.
1321 1407 1327 1414 ι

13 1495 17 1500 -
142 1449 324 1533 Melampus
348 1450 516 1533 exposuit,
545 1447 667 1514 eisdem
690 1449 796 1514 verbis
823 1454 861 1514 ut
887 1448 929 1514 ab
959 1448 1031 1532 ipso
1053 1453 1182 1514 auctore
1205 1446 1268 1511 dis·

138 1575 260 1652 putata
281 1569 399 1634 iterum
422 1567 611 1636 afferantur.

227 1722 273 1786 Αο
294 1722 435 1804 primum
458 1721 623 1805 inspicias,
647 1720 951 1805 quaeparagraphi
974 1719 1163 1785 undecimae
1178 1718 1269 1784 scho-

136 1841 238 1907 liasta
267 1841 391 1926 primus
420 1863 450 1926 p.
475 1840 588 1924 833,31
614 1839 713 1905 dixit:
743 1837 786 1914 ὠς
816 1837 906 1927 [χοίρ]
929 1837 1188 1923 ίμοίθομενίπὶ
1210 1839 1270 1917 τῆς

140 1961 298 2044 στιγμῆς,
323 1959 395 2023 τοῦ
418 1961 460 2024 δὲ
483 1957 802 2046 ἐπιφερομένου
825 1959 885 2022 καί
906 1957 961 2042 μή
985 1957 1269 2043 προκειμένου

137 2083 215 2144 τοῦ
237 2081 310 2162 μὲν
333 2075 353 2158 η’
375 2075 607 2144 ὑποτελεία
633 2075 777 2144 τίθεται.
821 2079 978 2144 Doctrina
999 2077 1081 2142 haec
1103 2085 1154 2143 est
1175 2077 1269 2142 Nica-

13 2273 23 2284 „
137 2199 240 2280 noris,
264 2219 361 2280 quam
384 2219 478 2264 nemo
500 2205 631 2282 praeter
653 2197 893 2282 Melampodem
915 2196 1080 2279 exposuit3
1110 2198 1138 2261 is
1162 2203 1268 2262 autem

139 2341 171 2402 p.
195 2317 307 2400 asaal
332 2317 414 2382 haec
436 2317 530 2383 dixit:
555 2313 574 2396 ἡ
599 2319 633 2384 δὲ
654 2311 886 2382 ὑποτιλιία
978 2311 1046 2380 ὅτι
1072 2313 1269 2402 ἐπιφέρε-

143 2458 213 2500 ται
238 2433 256 2498 ὁ
286 2435 332 2498 δι’
363 2429 384 2514 ἢ
406 2433 513 2512 ἄλλος
535 2459 588 2511 τις
615 2435 802 2518 σύνδεσμος
825 2435 888 2500 τῶν
911 2428 1204 2517 ἰσοδυναμούντων
1226 2457 1272 2526 τῳ

140 2554 179 2621 δέ
280 2561 314 2620 et
335 2573 368 2638 p.
390 2556 484 2640 764,5
506 2557 621 2621 adicit:
656 2554 676 2634 ἡ
706 2555 741 2619 δὲ
763 2552 877 2640 πρώτη
907 2551 977 2618 ἄνω
1008 2553 1146 2619 τίθεται
1169 2542 1265 2633 .....,

137 2665 197 2738 ὅτε
221 2667 444 2758 πρόκειται
467 2672 485 2738 ὁ
508 2675 586 2759 μίν
608 2723 684 2749 ....,
707 2673 957 2764 incederem-dd
980 2670 999 2739 ὁ
1021 2673 1059 2737 δι’

223 2811 394 2876 Praeterea
416 2811 564 2901 conferas
585 2811 618 2874 in
641 2811 703 2876 hac
725 2810 935 2896 paragrapho
958 2809 1096 2876 eundem
1118 2835 1149 2895 p.
1166 2811 1240 2896 831,

134 2950 211 2994 cum
233 2929 438 3016 Melampode
460 2953 491 3015 p.
514 2931 646 3016 walo:

201 3081 329 3170 Μακριί
357 3084 392 3148 δὲ
416 3084 547 3169 λέγεται
569 3086 676 3150 ταῦτα
787 3082 998 3170 Προιίρηται
1020 3085 1056 3150 δὲ
1081 3080 1160 3170 ἡμῖν
1182 3079 1225 3158 ὠς
1241 3079 1273 3156 ὁι

135 3199 678 3286 ὠςπαροίτοίςπαλαιοῖςίν
729 3203 911 3268 παλαιοὶ
950 3203 1010 3282 τήν
1046 3201 1184 3287 μακροίν
1228 3201 1270 3266 ίν

135 3318 397 3388 διπλασίονι
429 3319 563 3412 χρόνῳ
602 3327 679 3390 τῶν
731 3322 983 3389 διπλασίονι
1017 3319 1153 3410 χρόνῳ
1197 3322 1270 3400 τῆς

133 3440 324 3530 βραχίων
352 3440 658 3532 ἑκφωνοιίμινα
729 3437 929 3528 βραχείας
962 3441 1210 3530 ίξιφώνουν.
1283 3455 1288 3460 “

224 3594 313 3673 Quae
342 3597 370 3662 si
399 3597 472 3679 quis
502 3597 602 3664 semel
633 3598 832 3682 adspexerit,
862 3619 940 3664 num
963 3596 1113 3664 dubitare
1135 3599 1268 3682 poterit,
1389 3651 1391 3656 .

136 3718 218 3798 quin
242 3713 284 3781 ab
308 3737 373 3780 uno
397 3723 529 3781 auctore
553 3716 676 3802 scripta
698 3717 787 3782 sint?
817 3717 881 3783 Sed
900 3717 968 3784 alia
980 3717 1141 3784 accedunt
1153 3720 1266 3803 multa,

136 3856 223 3918 quae
245 3855 447 3902 communem
469 3836 626 3920 originem
649 3842 791 3920 arguant
798 3860 806 3912 3
829 3857 905 3904 nam
920 3836 1125 3922 idem,quem
1137 3838 1268 3904 Melam·

135 3953 233 4040 podis
256 3975 326 4020 esse
350 3956 507 4039 exposui,
521 3957 649 4022 dicendi
675 3976 770 4040 usus,
799 3955 899 4022 etiam
927 3957 982 4023 hio
1004 3950 1269 4048 deprehenditur.

135 4075 185 4140 Ae
206 4074 346 4159 primum
368 4055 489 4148 αὖτόςι
